1960 3606
223 292 443 366 Linon
502 294 530 362 I.
668 290 735 387 289

38 436 739 514 eminam-o·

112 585 449 674 Eursronn
508 587 657 676 XIV.

70 758 144 825 'uu
187 767 484 829 VluurcuM
521 767 698 828 SUUM.

37 903 100 989 Ejus
111 909 249 970 leuitatem
262 915 397 993 coarguit,
409 914 530 994 rusticam
544 913 630 974 uitam
637 954 649 982 ,
659 931 740 992 quam

120 1027 279 1092 optaverat,
294 1008 481 1092 fhflidieotis,
499 1015 526 1074 st
545 1007 652 1074 urbano

215 1128 220 1134 ·
239 1112 367 1170 desiderio
387 1115 528 1194 estuantis.

72 1206 92 1241 r

35 1204 79 1317 is
93 1283 185 1322 rumen
197 1269 374 1339 sylvarum&
383 1273 451 1325 mihi
461 1289 504 1324 roe
514 1268 645 1324 reddentis
654 1267 743 1338 agelli,

35 1353 115 1416 Quem
130 1369 159 1407 ru
174 1354 286 1419 fastidis,
298 1357 442 1408 habitarum
456 1356 573 1425 quinque
586 1353 668 1415 focis,
679 1354 705 1404 δι

35 1435 152 1506 Quinque
161 1441 250 1491 bonos
262 1438 369 1492 solitum
376 1440 486 1493 Variam
497 1439 630 1492 dimittere
639 1451 741 1506 patres,

34 1518 181 1587 Certemus,
194 1523 282 1591 spinas
300 1523 424 1578 animone
439 1541 491 1594 ego
507 1523 617 1587 sortiris,
629 1539 661 1575 an
675 1537 704 1574 tu

35 1605 133 1660 Evellas
149 1623 213 1689 agro
227 1627 235 1667 3
251 1609 277 1658 dt
288 1609 384 1660 melior
400 1609 434 1660 sir
448 1608 590 1686 Horatius,
603 1623 636 1658 an
651 1624 703 1660 res.
774 1627 785 1684 q
803 1609 806 1616 '

36 1689 78 1740 Me
94 1693 216 1759 quamvis
229 1691 326 1743 Lamiae
340 1692 441 1760 pietas,
454 1693 481 1744 ἃ
493 1708 554 1742 cura
568 1705 686 1742 moratur

36 1773 145 1828 Fratrem
164 1777 319 1841 moerentis,
333 1792 410 1844 rapto
427 1777 459 1827 de
475 1777 554 1828 fratre
569 1773 684 1826 dolentis

39 1860 225 1923 insolabiliter,
241 1875 329 1914 tamen
346 1860 410 1912 istuc
427 1877 501 1912 mens
520 1859 675 1926 animusque

37 1943 105 2009 Fert,
119 1947 144 1999 δι
155 1961 227 1998 amat
242 1946 332 2014 spatiis
346 1944 472 2000 obstantia
487 1961 609 2013 rumpere
624 1940 741 1995 claustra.

37 2027 100 2081 Rure
116 2048 167 2101 ego
184 2031 340 2094 viventem,
355 2044 383 2081 tu
400 2030 465 2082 dicis
482 2029 510 2080 in
526 2031 591 2080 urhe
607 2029 722 2079 beatum.
757 2045 790 2085 ιο

38 2115 83 2164 (mi
96 2119 181 2183 placer
195 2114 317 2178 alterius,
328 2113 372 2165 sua
387 2113 513 2165 nimirum
526 2111 563 2162 est
577 2111 641 2162 odio
656 2111 723 2164 sors.

35 2195 745 2268 Stultusurerquelocumimmeritumcausaruriniqud:

33 2283 143 2354 inculpa
156 2285 192 2337 est
203 2284 321 2346 animus„
332 2283 378 2352 qui
389 2283 415 2335 se
426 2300 480 2335 non
491 2278 585 2352 effugit
594 2299 729 2352 umquam.

34 2367 71 2417 Tu
87 2368 253 2421 mediastinus
269 2366 349 2420 taciti
366 2383 443 2436 prece
456 2385 515 2419 rura
530 2369 656 2435 petebas;

34 2451 104 2504 Nunc
119 2455 224 2517 urbem,
237 2455 264 2504 δι
277 2454 370 2514 ludos,
384 2453 410 2503 δι
423 2453 514 2504 balnea
527 2452 636 2506 villicus
654 2470 739 2524 optas.
755 2471 785 2526 η

33 2534 73 2587 Me
88 2539 204 2590 constare
222 2537 288 2590 mihi
304 2536 370 2601 scis,
385 2538 411 2589 ὅ(
425 2536 555 2591 discedere
570 2539 684 2604 tristem,

33 2621 254 2691 Quandocumque
273 2623 378 2675 trahunt
394 2623 479 2676 invisa
495 2625 602 2694 negotia
616 2627 739 2681 Romam.

32 2707 89 2759 Non
106 2710 197 2761 eadem
214 2707 358 2765 miramur3
374 2705 407 2758 ed
425 2707 593 2760 disconvenit
609 2709 678 2761 inter

31 2791 124 2862 Meque
138 2795 164 2845 δι
173 2809 211 2846 re:
223 2810 282 2844 nam
294 2809 352 2860 quae
363 2793 460 2844 deserta
471 2791 638 2863 &inhospita
650 2795 739 2864 tesqua

30 2876 133 2944 Credis,
144 2895 249 2931 amoena
258 2891 352 2941 vocat,
364 2880 467 2930 mecum
479 2876 526 2948 qui
537 2878 616 2933 sentit
626 2899 633 2940 ς
647 2881 671 2935 δι
682 2882 738 2936 odit
749 2896 787 2939 20

569 2971 594 3024 N
