1960 3606
181 615 511 706 Ertstott
554 615 670 717 Vll.¹

121 792 212 852 AD
262 789 721 858 MAECENATEM.

63 933 195 1014 Excufitt
217 935 249 1014 fe
273 941 420 1000 Macenatt‘
450 943 523 1022 qudd
547 942 583 1001 al
614 939 685 1000 Urbe
713 937 790 998 absit

105 1036 238 1094 diutius.-
254 1054 309 1096 tum
330 1035 388 1117 ejus
408 1042 437 1100 in
451 1040 483 1119 se
502 1041 631 1120 beneficia
652 1040 693 1098 ita
714 1055 789 1095 com·

105 1136 219 1194 mendat
231 1179 243 1206 ,
269 1155 299 1197 ut
326 1138 471 1199 libertatem
502 1129 638 1217 beneficiis
665 1135 789 1196 omnibus

101 1235 238 1315 potiorem
257 1235 304 1318 effe
324 1241 448 1300 declaret.

66 1363 261 1513 Quium
270 1433 326 1488 dies
335 1434 384 1488 tibi
393 1433 530 1505 pollicitus
541 1450 583 1492 me
592 1449 651 1486 rute
659 1432 788 1498 tumtum,

65 1515 197 1570 Sextilem
214 1531 301 1572 totum
320 1522 435 1573 mendax
453 1519 597 1572 desideret.
616 1517 698 1585 Atqui

64 1599 95 1651 Si
116 1617 160 1654 me
177 1602 272 1655 vivere
291 1603 333 1656 vis
352 1603 461 1667 sanum,
477 1599 599 1670 resteque
617 1603 770 1664 valentem,

64 1685 156 1750 Quam
175 1685 242 1738 mihi
261 1689 304 1740 das
323 1705 413 1756 aegro,
427 1688 499 1741 dabis
518 1700 646 1756 aegrotare
665 1686 792 1752 timenti,

64 1769 219 1834 Maecenas,
229 1771 354 1824 veniam:
370 1773 431 1824 dunt
447 1771 513 1824 ficus
530 1770 768 1840 prima,calorque
820 1783 833 1838 ς

64 1854 278 1924 Designatotetn
296 1857 402 1909 decorat
420 1856 557 1909 lislotibus
575 1855 662 1915 atrise

64 1942 142 1994 Dum
161 1940 252 2010 pueris
271 1942 359 1994 otnnis
378 1956 453 2010 patet
470 1943 495 1994 δι
511 1935 654 1994 matercula
670 1942 773 2009 pallet·,

68 2025 249 2096 Officiosaque
269 2026 411 2091 sedulitas,
430 2027 457 2078 δι
474 2029 563 2095 opella
582 2025 698 2080 sorensis

46 2177 49 2182 Ι
68 2108 184 2162 Adducit
201 2110 287 2163 febres
300 2149 311 2174 ‚
324 2111 351 2162 &
367 2109 520 2162 testamenta
538 2109 664 2180 resignat.

68 2194 150 2261 Qutid
168 2194 191 2247 si
209 2197 303 2250 bruma
321 2194 400 2248 nives
418 2195 525 2247 Albanis
545 2194 631 2247 illinet
650 2193 738 2266 agris,
805 2210 842 2250 ιο

69 2281 110 2332 At
129 2297 200 2332 mare
219 2281 357 2334 descendet
376 2293 451 2332 vates
471 2295 551 2342 tuus,
569 2280 595 2331 ἃ
613 2279 664 2332 sibi
682 2295 789 2348 parcet,

37 2376 41 2383 ·
71 2363 279 2433 Contrashtsque
295 2365 366 2433 leget
379 2382 387 2422 ;
402 2377 446 2422 te,
459 2365 542 2416 duleis
559 2365 660 2429 amice,
675 2367 772 2420 reviset

70 2447 140 2500 Cum
151 2449 281 2519 Zephyris
291 2448 334 2512 ‚si
346 2449 491 2506 concedes,
506 2449 531 2499 δι
542 2449 680 2504 hirundine
695 2452 791 2519 prims.

69 2534 146 2596 Non¹
155 2549 208 2602 quo
222 2550 295 2586 more
307 2532 383 2602 pyris
394 2531 467 2584 vesci
480 2532 586 2586 Calaber
596 2533 668 2598 jubet
678 2537 786 2604 hospes,

70 2614 114 2670 Tu
126 2635 176 2683 ,me
195 2618 277 2671 fecisti
295 2619 465 2686 locupletent.
482 2619 593 2670 Vescete
613 2619 699 2670 sodes.
807 2633 840 2690 ις

72 2697 130 2756 lam
147 2701 208 2757 satis
224 2704 268 2758 est.
283 2700 317 2756 At
332 2719 361 2756 tu
375 2720 501 2773 quantum
514 2703 557 2756 vis
573 2705 648 2756 tolle.
661 2703 792 2773 Benigne-⁴

70 2784 134 2838 Non
152 2787 238 2840 invisa
257 2789 325 2842 setes
343 2789 433 2856 pueris
453 2789 607 2841 munuscula
626 2789 726 2856 parvis.

73 2871 141 2952 :sam
160 2886 254 2928 teneor
272 2874 363 2938 dono.
377 2871 456 2942 quim
475 2871 499 2926 si
517 2871 634 2926 dimittat
651 2870 772 2928 onustus.
