1980 3614
162 563 524 654 CARMEN
580 565 786 652 XVIII.

107 745 331 806 Romanorum
356 746 452 806 luxum
473 746 665 806 &auaritiam
686 742 830 825 inficiatur.

212 871 324 991 No
335 952 357 988 aa
379 939 464 1005 ebur,
481 957 567 1010 neque
586 956 694 994 aureum

74 1023 156 1076 Mea
178 1022 303 1075 renidet
325 1021 358 1074 in
379 1025 462 1076 domo
480 1027 613 1094 lacunart,

209 1109 288 1159 Non
310 1108 404 1160 trabes
424 1111 569 1180 Hymettiae

77 1195 232 1248 Premunt
256 1195 411 1246 columnas
430 1195 525 1249 [alcima
543 1196 640 1250 recisas

209 1277 316 1333 Africa
335 1297 344 1337 ·,
364 1296 452 1347 neque
470 1281 552 1334 Attali

76 1369 215 1436 lgnotus
233 1366 327 1418 heres
348 1364 454 1432 regiam
472 1367 630 1434 occupavi:

214 1452 283 1502 Nec
305 1448 458 1502 Laconicas
478 1450 545 1503 mihi

81 1539 228 1593 Trahunt
247 1531 382 1590 honestae
402 1552 530 1604 purpuras
550 1536 685 1593 Clientaea

214 1626 257 1675 At
283 1619 357 1686 fides
378 1621 512 1691 &ingeni

78 1712 227 1783 Benigna
249 1723 333 1760 vena
354 1703 410 1769 est,
427 1723 622 1778 pauperemque
641 1707 717 1762 dives
864 1724 900 1764 ao

214 1794 277 1846 Me
298 1790 383 1858 petit.
402 1791 476 1844 Nihil
495 1791 571 1860 supra

74 1889 173 1940 Deos
196 1875 319 1934 laceffo
336 1893 345 1934 ·,
364 1893 413 1928 nec
431 1891 569 1944 potentem
588 1877 703 1930 omitum

215 1961 363 2031 Largiora
382 1960 495 2031 flagito,
585 2002 589 2008 .

77 2055 168 2112 Satis
191 2054 306 2104 beatus
327 2044 413 2098 unicis
431 2045 545 2098 Sabinis.

220 2129 367 2186 Truditur
383 2129 438 2182 dies
457 2130 521 2194 die,

78 2231 261 2292 Novaeque
282 2229 399 2284 pergunt
417 2215 526 2268 interire
543 2216 648 2272 Luna:

221 2305 278 2357 Tu
297 2301 407 2352 secanda
425 2318 557 2354 marmora

80 2405 192 2456 Locas
217 2389 276 2444 sub
296 2386 384 2453 ipsum
401 2387 480 2438 funus
496 2405 505 2446 3
524 2387 550 2437 δι
565 2386 676 2454 sepulcri

223 2477 383 2527 Immemor
400 2470 476 2523 struis
496 2472 590 2524 domos
607 2491 613 2525 :

82 2565 260 2633 Martisque
280 2556 354 2608 Baiis
374 2557 547 2625 obstrepentis
566 2575 643 2631 urges

225 2648 412 2698 Summovere
431 2641 543 2707 littora,

86 2747 209 2802 parum
234 2730 364 2795 locuples
383 2727 539 2782 continente
558 2727 627 2802 ripa.

228 2814 330 2884 Quid,
348 2811 421 2880 quod
439 2814 520 2880 usque
539 2815 681 2881 proximos

89 2904 243 2973 Revellis
264 2897 324 2972 agri
345 2895 494 2959 terminos,
510 2897 536 2950 &
553 2900 619 2952 ultra
646 2971 672 3024 D
691 2969 697 2982 1

689 2985 719 3032 ¹7
