2006 3608
176 233 244 308 280
317 231 744 311 Eetsrot'r'u'utt
790 313 792 316 .

155 361 157 366 ’
174 361 206 412 Et
219 359 270 414 sibi
284 362 345 420 dum
358 363 492 433 requiem,
502 365 563 416 dum
575 362 640 417 risus
652 363 768 430 undique
780 345 926 431 quaeritj

117 440 160 493 «to
173 446 246 498 Dum
265 447 366 516 septem
384 449 465 502 donat
483 449 615 512 sestertia,
634 463 724 500 mutua
743 447 873 514 septeni*

173 531 329 597 Promittir‚
347 535 483 601 persuadet
501 534 542 587 uri
562 548 691 587 mercetur
709 534 847 603 agellum·

173 617 315 672 Mereatur.
334 619 375 672 Ne
394 632 421 670 te
440 621 528 690 longis
547 619 696 688 ambagibus
715 615 805 680 ulad,

173 701 261 769 Qudm
272 702 335 756 saris
346 703 390 766 est,
398 719 496 768 morer,
503 721 537 758 ex
546 703 633 757 nitido
643 703 806 765 stenditur,
816 717 923 772 atque

174 788 267 841 Sulcos
284 790 310 841 δι
323 789 415 842 vineta
432 805 521 859 erepat
537 806 609 842 meta
620 803 629 849 ς
641 802 769 858 praeparat
783 791 922 857 usmos:

127 865 157 932 85
173 873 326 926 Immoritur
344 872 453 936 studiis,
469 874 497 926 δι
513 887 604 926 amore
622 873 735 926 senescit
751 873 897 929 habendi.

173 959 273 1014 Verum
293 958 337 1011 ubi
354 975 421 1011 oves
438 959 526 1021 sutto,
538 959 634 1010 morbo
653 957 754 1025 periere
773 961 921 1026 capellae,

173 1049 252 1114 Spem
272 1044 383 1098 mentita
400 1044 491 1112 seges,
505 1043 554 1096 bos
573 1042 609 1094 est
627 1042 734 1094 enectus
753 1045 865 1095 arando
880 1062 897 1104 ς

174 1130 299 1184 Offensus
319 1129 421 1182 damnis
434 1169 441 1194 ,
456 1128 544 1180 medid
562 1130 595 1180 de
614 1127 693 1182 noste
712 1129 853 1184 caballum

126 1224 160 1286 89
173 1216 292 1284 Arripit,
310 1215 442 1282 iratusque
459 1213 576 1282 Philippi
594 1213 679 1264 tendit
697 1214 729 1264 ad
747 1215 835 1268 aedes.

126 1307 214 1372 Quem
227 1301 307 1354 simul
315 1298 417 1368 aspexit
424 1296 736 1365 scabruminronsumque
743 1297 926 1368 Philippus,

173 1391 281 1450 Durus,
298 1384 334 1438 ait
344 1423 351 1447 ‚
363 1381 475 1446 Vultei,
490 1381 570 1434 nimis
590 1382 753 1450 attentusque
773 1383 896 1440 videris

173 1474 230 1528 Esse
249 1471 325 1525 mihi.
341 1471 390 1523 Pol
408 1483 451 1522 nte
470 1468 612 1532 miserum,
626 1484 751 1538 patrone,
762 1487 915 1540 vocares,

174 1558 202 1610 Si
221 1558 324 1618 velles,
342 1552 446 1622 inquit,
461 1568 556 1604 verum
575 1553 642 1604 mihi
661 1569 761 1622 ponere
781 1572 914 1617 nomen.

127 1645 207 1712 Quod
218 1657 244 1695 te
256 1655 303 1710 per
315 1638 442 1699 Genium,
449 1638 629 1706 dextramque,
636 1639 762 1707 Deosque
772 1640 918 1711 Penates,

83 1773 87 1780 .
120 1736 158 1802 '95
176 1728 293 1781 Obsecro
314 1726 340 1777 δι
356 1721 489 1784 obtestor,
504 1720 570 1774 virae
589 1739 633 1775 nte
651 1726 728 1776 redde
747 1724 854 1792 priori.

175 1813 229 1880 Qui
249 1812 328 1865 semel
347 1807 450 1876 aspexit
468 1821 595 1875 quantum
614 1808 716 1860 dimissa
734 1805 834 1877 peritis

174 1897 315 1960 Praestent‚
332 1890 435 1945 mature
456 1892 562 1953 redeat,
581 1906 733 1960 repetatque
751 1895 863 1954 retiua.

174 1982 265 2040 Metiri
274 1983 301 2036 se
310 1993 441 2051 quemque
450 1975 498 2028 suo
507 1977 617 2030 modulo
627 1994 656 2030 ae
664 1980 730 2047 pede
739 1997 842 2037 verum
852 1985 910 2046 est.
