2006 3608
208 295 279 393 284
351 297 777 384 Eflrsrounuur

160 428 248 510 Quint
258 449 316 502 quae
325 452 371 504 per
381 454 495 506 pronum
503 439 616 509 trepidat
625 457 684 492 cum
692 451 828 492 murmure
837 427 957 488 rivum?

209 505 311 586 Nempe
331 523 399 574 inter
419 527 505 578 varias
524 527 639 578 nutritur
658 526 733 594 sylva
752 524 918 583 columnas,

209 601 390 674 Laudaturque
403 609 511 674 domus,
521 613 617 679 longos
629 628 687 678 que
699 606 830 676 prospicit
841 623 940 674 agros.

208 687 334 741 Naturam
347 694 464 759 expellas
478 693 567 754 furcd;
580 710 669 746 tamen
683 694 762 761 usque
775 707 918 754 recurret,

161 777 192 832 25
208 771 240 821 Er
258 775 326 825 mala
345 792 499 845 perrumpet
517 778 608 832 furtim
628 777 725 830 fastidia
744 775 857 827 vidirix.

206 857 288 922 Non,
306 859 353 926 qui
372 861 484 914 Sidonio
504 866 664 916 contendere
683 861 792 913 callidus
812 859 888 911 ostro

206 942 297 994 Nescit
313 945 471 1012 Aquinatem
490 947 611 1014 potantia
630 948 729 999 vellera
747 945 859 1006 sucum,

209 1027 314 1081 Cetrius
332 1031 444 1100 accipiet
463 1035 605 1096 damnum,
621 1031 766 1100 propiusve
785 1028 937 1093 medullis,

208 1113 298 1179 Quint
316 1115 362 1184 qui
380 1133 436 1168 non
453 1118 553 1185 poterit
567 1135 635 1170 vero
653 1115 809 1184 distinguere
825 1113 936 1166 falsum.

161 1210 196 1264 30
208 1200 296 1265 Quem
315 1219 357 1254 tes
376 1204 435 1270 plus
455 1203 540 1255 nimio
560 1201 724 1254 deledlavere
743 1201 887 1264 secundae,

207 1286 316 1338 Mutatae
336 1288 463 1354 quatient.
483 1288 512 1340 Si
532 1288 596 1357 quid
614 1288 760 1349 mirabere,
778 1300 868 1352 portes

207 1369 319 1422 Invitus.
339 1371 408 1438 Fuge
427 1388 520 1441 magua
535 1391 541 1424 :
559 1372 623 1438 licet
642 1373 688 1422 sub
707 1386 823 1438 paupere
843 1369 920 1422 tesio

207 1450 310 1521 Reges,
327 1454 470 1524 &Regum
489 1455 546 1508 viti
566 1472 724 1524 praecurrere
744 1453 857 1509 amicos.

209 1535 314 1590 Cervus
325 1556 422 1607 equum
434 1541 521 1609 pugni
533 1541 629 1594 melior
640 1541 827 1592 communibus
838 1540 933 1593 herbis

135 1631 140 1634 “
162 1634 192 1688 35
207 1619 341 1686 Pellebat,
360 1627 444 1676 donec
463 1628 552 1678 minor
571 1626 600 1677 iu
617 1625 761 1678 certamine
779 1627 868 1694 longo

207 1707 364 1775 lmplotavit
383 1725 448 1777 opes
468 1710 606 1782 hominis,
623 1712 780 1778 frenumque
797 1710 913 1777 recepit.

207 1794 258 1845 Sed
275 1793 413 1862 postquam
429 1795 518 1846 vidior
534 1795 641 1848 violens
657 1795 776 1848 discessit
791 1797 824 1850 ab
839 1797 934 1862 hoste,

207 1881 270 1930 Non
289 1881 406 1946 equitem
425 1881 523 1943 dorso,
539 1897 595 1931 non
614 1881 717 1932 frenum
737 1881 838 1948 depulit
858 1897 918 1935 ore.

208 1963 267 2026 Sic,
282 1964 328 2032 qui
347 1963 499 2031 pauperiem
519 1965 640 2027 veritus,
658 1966 765 2032 potiore
785 1967 904 2019 metallis

158 2065 194 2114 40
206 2050 336 2101 Libertate
348 2064 433 2111 caret,
444 2047 582 2102 dominum
593 2051 674 2102 veliet
685 2050 839 2117 improbus,
850 2067 932 2121 atque

207 2135 312 2188 Serviet
330 2133 477 2196 aeternirm,
492 2133 553 2200 quia
570 2151 655 2201 paruo
675 2135 775 2186 nesciet
792 2135 843 2187 uti.

209 2221 260 2274 Cui
278 2238 334 2273 non
352 2220 496 2273 conveniet
515 2220 559 2271 sua
579 2237 639 2283 res,
655 2236 683 2272 ut
702 2224 804 2273 calceus
825 2223 914 2286 olim,

208 2307 236 2358 Si
256 2309 321 2374 pede
341 2306 426 2370 major
444 2303 511 2366 erit,
527 2304 681 2364 subvertas
698 2305 721 2358 si
741 2307 846 2370 minor,
861 2325 932 2362 uret.

210 2392 295 2443 Laetus
313 2392 386 2443 sorte
405 2390 449 2443 tul
469 2388 546 2442 vives
566 2389 714 2456 sapienter,
730 2391 830 2451 Aristi3

161 2490 193 2541 45
209 2480 263 2530 Nec
283 2494 326 2528 me
346 2477 463 2528 dimittes
483 2473 683 2543 incastigatum,
699 2477 745 2528 ubi
764 2479 842 2543 plura

211 2565 330 2631 Cogere,
344 2560 423 2628 quim
439 2560 499 2612 satis
515 2559 551 2616 est
561 2599 568 2622 ‚
580 2577 610 2611 ac
624 2575 680 2612 nou
694 2559 790 2614 cessare
804 2563 935 2622 videbor.

209 2648 341 2713 Imperat,
357 2660 403 2697 aut
421 2644 503 2696 servit
521 2643 630 2696 collecta
651 2646 760 2713 pecunia
780 2649 901 2716 cuique,

209 2731 323 2783 Tortum
336 2729 413 2798 digna
427 2729 501 2798 sequi
516 2729 620 2796 potiris,
631 2729 709 2796 quim
721 2733 815 2784 ducere
827 2735 933 2792 sunem.

210 2816 272 2867 Haec
291 2815 339 2867 tibi
359 2815 488 2866 didlabam
507 2813 565 2881 post
583 2815 672 2866 fanum
692 2830 769 2883 putre
784 2819 926 2886 Vacunae,

139 2947 156 2965 „
163 2920 199 2972 50
209 2902 327 2968 Excepto.
347 2897 420 2974 qudd
438 2913 494 2953 non
512 2897 593 2950 simul
611 2897 696 2965 esses,
712 2916 799 2957 cetera
815 2905 911 2964 laerte.
