1922 3598
225 333 298 410 234
370 319 801 392 SATYRARUM

173 449 208 503 75
223 444 342 499 Putidius
354 446 441 501 mttltd
453 451 589 502 cerebrum
600 448 651 513 ell,
660 448 725 501 milti
736 450 815 502 crede
824 488 832 512 ‚
840 443 919 500 Perilli

222 530 376 596 Diliantis,
391 535 464 602 quod
480 551 510 586 tu
527 551 671 605 numquam
687 535 831 588 rescribere
848 532 932 603 possis.

220 617 335 678 Audire,
348 633 427 688 atque
441 635 531 690 togam
543 619 624 687 jubeo
636 637 800 689 componere
811 660 819 685 ,
829 617 931 690 quisquis

221 704 376 757 Ambitione
395 705 481 771 mali,
497 721 542 758 aur
560 707 663 776 argenti
681 709 763 774 pallet
780 723 892 766 amore3

222 789 350 860 Quisquis
369 791 496 856 luxurii,
515 790 619 844 tristive
638 791 847 860 superstitione,

172 871 209 926 80
222 878 274 927 Aut
293 876 347 929 alio
366 877 463 930 mentis
479 879 575 930 morbo
591 879 659 930 calet
672 897 679 931 :
690 878 741 929 huc
757 876 929 946 propiusue.

220 964 294 1014 Dum
313 964 399 1016 doceo
417 963 532 1016 insanire
551 979 666 1027 omnes,
680 980 732 1015 vos
752 962 847 1016 ordine
865 961 929 1014 adite.

220 1049 315 1102 Danda
334 1048 370 1101 est
389 1047 501 1102 ellebori
519 1045 607 1101 multd
626 1064 687 1116 pars
706 1048 826 1101 maxima
841 1045 929 1102 avarisl

220 1135 320 1188 Nescio
335 1152 369 1187 an
380 1134 537 1204 Anticyram
550 1133 620 1187 ratio
635 1133 689 1185 illis
704 1132 815 1185 destinet
828 1147 930 1185 omnen·

222 1221 337 1274 Heredes
357 1220 458 1274 Staberi
477 1219 604 1272 summam
624 1217 740 1270 incidere
758 1218 901 1286 sepulcro:

173 1305 206 1372 85
220 1308 259 1360 Nl
277 1307 315 1359 sic
334 1305 472 1369 feciffent,
491 1304 667 1375 gladiatorum
686 1305 873 1358 dare,centum

221 1394 349 1446 Damnati
358 1393 460 1461 populo
469 1389 631 1459 paria,atque
641 1387 925 1458 epulumnrbirriodrrl,

220 1478 355 1530 Frumenti
369 1491 496 1546 quantum
509 1475 587 1526 metit
597 1473 695 1526 Africo.
708 1474 773 1527 Sive
784 1491 836 1545 ego
846 1473 924 1543 prati,

218 1566 272 1616 Seu
287 1563 357 1616 relie
365 1604 371 1626 ‚
380 1565 434 1616 hoc
444 1560 539 1619 volui3
551 1575 585 1612 ne
597 1558 633 1611 sis
645 1572 754 1626 patruus
767 1560 843 1614 milti.
856 1561 926 1612 Credo

219 1649 388 1701 HocStaberi
398 1649 552 1716 prudentem
564 1642 682 1696 animum
691 1643 867 1712 vidiffe.Quid
875 1658 926 1711 ergo
950 1649 951 1680 i

172 1746 209 1803 90
222 1735 411 1802 Sensir,quum
423 1733 551 1786 summanr
563 1729 708 1798 patrimoni
720 1729 864 1800 insculpere
873 1730 926 1780 saro
950 1681 951 1767 i

219 1823 335 1875 Heredes
354 1819 468 1873 voluit?
485 1819 582 1884 Quoad
601 1815 690 1878 vixit,
703 1815 815 1869 credidit
832 1817 912 1885 ingens

219 1907 376 1977 Pauperiem
396 1904 494 1957 vitium
505 1941 513 1964 ,
526 1902 552 1952 δι
569 1901 640 1952 cavit
659 1900 727 1953 nihil
747 1902 832 1956 acrius
845 1919 852 1959 ;
866 1915 893 1952 ut
906 1895 924 1950 si

219 1995 297 2048 Forte
316 1991 403 2044 mincis
423 1989 542 2055 locuples
560 2001 616 2038 uno
636 1986 781 2053 quadrante
800 1985 901 2056 periret,
949 2009 950 2058 ]

219 2086 278 2152 lpse
296 2079 434 2136 videretur
451 2075 502 2130 sibi
520 2073 643 2142 nequior.
661 2073 759 2126 Omnis
778 2075 848 2127 enim
862 2089 908 2132 res.
949 2079 950 2088 ¹

170 2181 203 2236 95
217 2169 309 2220 Virtus
317 2195 328 2232 ,-
336 2168 421 2228 lama,
433 2165 525 2224 decus,
537 2158 629 2212 divina
642 2159 811 2228 humanaque
826 2155 921 2228 pulchris

219 2256 332 2309 Divitiis
351 2265 444 2321 parent
458 2267 467 2309 ς
482 2263 547 2316 quas
567 2245 613 2312 qui
633 2243 828 2310 construxerit,
842 2245 882 2298 ille

220 2343 313 2394 Clarus
327 2339 391 2403 erit,
400 2337 494 2398 fortis,
506 2331 604 2400 julius,
617 2331 721 2399 sapiens
733 2331 831 2398 eriam,
841 2334 865 2386 δι
874 2345 922 2390 rex,

141 2433 142 2436 ’
219 2429 252 2480 Et
264 2426 391 2496 quidquid
402 2426 489 2476 volet.
501 2421 576 2482 Hoc,
586 2417 671 2470 veluti
683 2416 784 2471 virtute
796 2433 915 2487 paratum,
948 2411 949 2467 l

220 2512 343 2585 Speravit
361 2527 463 2579 magnae
481 2505 552 2560 laudi
570 2505 638 2558 lore.
659 2503 732 2572 Quid
749 2505 838 2559 simile
855 2504 891 2558 illi

171 2604 335 2659 roocraeeus
349 2595 498 2664 Aristippus
511 2595 522 2646 l
534 2591 581 2661 qui
595 2591 687 2644 servos
703 2589 836 2660 projicere
848 2605 922 2646 rurum

220 2688 253 2743 ln
270 2685 356 2741 media
375 2680 454 2751 jussit
472 2679 579 2748 Libya,
599 2676 660 2746 quia
679 2677 779 2732 tardius
799 2679 865 2732 irent

221 2778 333 2844 Propter
349 2787 417 2825 onus
434 2767 525 2835 segnes
538 2781 546 2815 ε
559 2777 620 2815 uter
635 2761 671 2816 ell
688 2763 806 2818 insanior
822 2765 921 2820 lrorunl
947 2773 948 2810 ὲ

113 2863 130 2904 ι’
222 2860 269 2914 Nil
288 2857 342 2928 agit
359 2853 533 2920 exemplum,
549 2846 625 2899 litem
644 2848 717 2915 quod
735 2849 782 2902 lite
802 2849 908 2904 resolvit.

221 2945 250 3002 Si
261 2943 320 3015 quis
331 2954 401 2996 enter
412 2935 636 3005 citharas,cmptas
650 2949 803 3007 comportet
811 2935 840 2993 in
848 2949 922 3000 unum.
