2006 3608
161 276 231 348 320
303 259 731 334 Erimon-uum

158 377 272 432 Audebit
284 398 455 455 quaecumque
467 403 562 456 patum
573 382 719 455 splendoris
729 377 874 432 habebunt
884 374 898 438 ζ

157 462 193 514 Et
205 463 262 518 sine
272 470 389 536 pondere
400 473 627 536 eruut,&hottore
637 469 742 538 indigna
750 464 893 520 ferentur,

160 547 248 602 Verba
265 567 377 606 movere
391 557 475 622 loco,
486 556 610 626 quamvis
626 553 710 608 invita
726 551 878 611 recedant,

161 632 196 685 Et
211 635 350 689 versentur
366 640 449 694 adhuc
467 640 536 700 iutra
553 637 696 709 penetralia
709 635 807 690 Veste.

102 718 151 780 ἰτς
165 717 310 774 Obscuram
325 722 373 776 diu
385 727 488 794 populo
502 727 588 778 bouus
603 736 782 790 eruer,.atque

165 805 285 860 Proferet
305 804 333 860 in
352 811 441 864 lucem
456 811 573 880 speciosa
590 811 722 864 vocabula
738 823 853 869 rerum,

166 891 234 956 Quae
246 879 339 962 priscii
345 865 494 948 memorata
504 895 649 948 Catonibus
660 908 738 963 atque
749 890 896 960 Cethegis,

166 978 245 1031 Nunc
261 977 328 1031 situs
342 979 464 1034 insormis
480 979 633 1050 premim&
648 979 745 1032 deserta
759 975 896 1030 vetustas.

167 1057 300 1118 Adsciscet
315 1081 403 1130 nova,
414 1081 472 1134 quae
487 1065 592 1136 genitor
606 1061 762 1134 produxerit
776 1061 841 1114 usus
854 1080 865 1121 ς

108 1159 160 1209 129
169 1147 634 1220 Vehemeus‚&liquidus,puroque
644 1147 797 1202 simillimus
806 1144 900 1210 amni,

171 1235 271 1286 Fundet
286 1251 368 1302 opes,
381 1234 536 1305 Latiumque
552 1233 641 1288 beabit
653 1233 736 1288 divite
751 1231 863 1302 linguae

172 1317 346 1372 Luxuriantia
361 1319 531 1389 compescet,
542 1319 622 1372 nimis
637 1319 727 1388 aspera
741 1317 806 1370 sano

173 1403 292 1457 Laevabit
310 1407 399 1470 cultu,
413 1405 513 1458 virtute
531 1403 645 1458 carentia
663 1406 740 1458 tollet
750 1419 764 1462 ς

175 1487 301 1540 Ludentis
318 1488 432 1557 speciem
448 1489 536 1556 dabit,
550 1491 576 1542 δι
588 1489 770 1558 torquebitur,
785 1503 815 1541 ut
831 1488 883 1558 qui

115 1588 165 1639 ¹25
177 1574 254 1624 Nunc
264 1573 402 1642 Satyrum,
411 1591 481 1631 nunc
493 1574 619 1646 agrestem
629 1577 750 1646 Cyclopa
760 1590 903 1628 movetur.

180 1657 340 1732 Praetuletim
354 1660 469 1728 scriptor
482 1660 579 1716 delirus
593 1661 714 1729 inersque
727 1659 831 1722 videri,
988 1729 989 1732 Ἴ

180 1749 256 1798 Dtutt
266 1759 324 1798 mea
335 1745 465 1798 delebitur
476 1748 545 1798 mala
555 1747 662 1808 me,vel
674 1744 788 1812 denique
797 1745 906 1810 fallant,

182 1830 270 1898 Quint
282 1831 370 1898 sapere
378 1831 425 1894 ,bt
435 1829 514 1899 tingi.
523 1829 541 1880 F
543 1829 582 1882 uir
592 1830 661 1883 haud
674 1829 802 1900 ignobilis
813 1829 891 1900 Argis
898 1866 917 1894 ,

183 1917 239 1984 Qui
257 1917 283 1970 se
299 1914 417 1967 credebat
433 1914 516 1966 miros
535 1914 625 1966 audire
642 1915 793 1984 tragoedos,

121 2015 173 2068 130
184 2006 215 2058 ln
229 2019 314 2058 vacuo
330 2004 405 2055 letus
423 1999 503 2054 seffor
519 2000 678 2069 plausorque
695 2002 824 2055 theatro:

188 2093 282 2144 Cetera
298 2088 345 2158 qui
360 2086 426 2148 vitae¹
441 2085 556 2138 servaret
573 2085 664 2138 munia
680 2086 754 2140 rosio

187 2178 267 2230 More
281 2194 289 2236 3
303 2176 389 2228 bouus
405 2170 466 2226 sau'e
482 2169 605 2234 vitinus,
620 2170 738 2225 amabilis
754 2171 873 2242 hospes,

189 2258 283 2332 Comis
300 2257 328 2312 in
342 2274 476 2316 uxorem,
491 2254 576 2324 posset
590 2255 637 2324 qui
654 2255 790 2325 ignoscere
807 2257 917 2322 servis,

188 2347 222 2398 Et
239 2346 317 2416 signo
336 2343 401 2397 laeso
418 2359 473 2395 non
490 2339 605 2395 insanire
622 2342 721 2410 lageuae
735 2359 749 2400 3·

129 2445 177 2501 135
190 2430 277 2486 Posset
295 2427 341 2500 qui
358 2445 451 2498 rupem
467 2429 494 2480 ἃ
507 2438 616 2496 puteum
632 2425 717 2478 uitare
734 2439 886 2496 patentem.

193 2519 245 2573 Hic
262 2515 309 2570 ubi
325 2529 499 2585 cognatorum
516 2511 629 2580 opibus,
643 2510 764 2580 curisque
780 2512 914 2578 refertus,

193 2602 303 2672 Expulit
316 2600 454 2653 helleboro
470 2597 610 2660 morbum,
620 2595 753 2664 bilemque
769 2613 898 2664 meraco,

195 2691 228 2742 Et
243 2687 311 2740 redit
326 2685 358 2738 ad
374 2683 427 2736 sese
443 2699 452 2736 t
467 2681 534 2745 1³01,
549 2697 592 2733 me
609 2679 757 2743 occidistis,
769 2681 871 2746 amici,

196 2779 261 2846 Non
277 2768 416 2834 servastis,
429 2766 483 2832 ait,
497 2764 540 2819 tui
557 2764 595 2818 sic
612 2779 718 2818 extorta
734 2767 879 2835 voluptas,

63 2851 67 2858 ’
138 2864 231 2924 140Et
247 2839 366 2931 demptis
383 2852 503 2928 pervim
520 2850 616 2908 meotis
634 2851 798 2926 gratissimus
815 2871 903 2912 error·
990 2911 991 2944 ,
