2058 3610
181 310 262 400 102⁵
332 327 736 400 CAnsrruvtt
833 367 836 370 -

176 451 219 502 Tu
236 463 314 518 potes
333 451 433 522 tigres,
449 451 614 522 comitesque
632 451 724 521 sylvas

176 535 303 602 Ducere,
318 537 345 588 δι
361 535 437 606 rivos
457 539 555 590 celeres
574 535 684 591 morari.

132 622 162 676 ¹5
179 621 266 674 Cessit
283 621 407 675 immanis
425 621 475 674 tibi
493 619 638 676 blandienti

285 706 390 760 Janitor
407 709 472 760 aulae

180 792 308 845 Cerberus
324 809 333 851 ·,
351 792 473 861 quamvis
491 791 583 846 furiale
601 804 707 843 centurn

180 876 305 930 Muniam
323 893 421 948 angues
439 892 516 946 caput
534 875 609 942 ejus,
625 889 705 943 atque

182 961 294 1030 Spiritus
313 975 397 1025 teter,
414 961 548 1030 saniesque
567 973 655 1012 manet

135 1053 171 1092 20
290 1045 346 1100 Ore
363 1047 493 1116 trilingui.

181 1131 257 1198 Quin
276 1133 302 1186 δι
318 1131 415 1197 Ixion,
429 1131 578 1202 Tityosque
595 1132 675 1184 vultu

181 1217 252 1271 Risit
270 1217 358 1270 invito
375 1237 382 1270 ε
400 1217 471 1270 stetit
488 1233 553 1269 urna
571 1215 679 1284 paulina
754 1219 756 1223 '

182 1302 276 1368 Sicca,
288 1305 356 1360 ,dum
374 1317 448 1373 grato
463 1301 554 1360 ,Danai
572 1303 672 1370 puellus

294 1387 418 1442 Carmine
436 1391 545 1441 mulces.

137 1484 169 1535 ας
185 1473 279 1526 Audiat
297 1475 370 1544 Lyde
389 1475 490 1537 scelus,
504 1487 582 1542 atque
601 1487 678 1524 notas

186 1557 328 1627 virginum
347 1573 458 1625 poenas,
475 1556 593 1610 &inane
611 1555 730 1626 lymphae

186 1643 299 1696 Dolium
317 1643 400 1696 fundo
416 1641 551 1709 pereuntis
569 1641 647 1702 int03

295 1729 407 1796 Seraque
427 1727 495 1791 sata,

187 1817 254 1882 Quae
272 1828 380 1866 manent
398 1815 487 1880 culpas
505 1811 585 1864 etiam
604 1811 650 1864 sub
669 1811 754 1866 Orco.

141 1907 175 1959 30
186 1899 277 1968 lrnpiae
296 1901 380 1968 (nant
400 1896 463 1966 quid
480 1911 592 1966 potuere
610 1895 694 1964 majus
708 1897 745 1964 ἓ)

185 1984 278 2054 lmpiae
296 1983 407 2053 sponsos
425 1995 537 2051 potuere
555 1981 621 2034 duro

294 2068 403 2122 Perdere
422 2067 502 2120 ferro.
539 2137 543 2144 Ι

108 2163 109 2172 ’
187 2157 248 2210 Una
266 2155 297 2208 de
315 2152 426 2217 multis,
442 2153 499 2206 sace
517 2149 629 2219 nuptiali

187 2241 294 2310 Digna,
308 2237 441 2308 perjurum
459 2236 510 2292 suit
527 2235 556 2287 in
575 2249 710 2305 parentem

142 2337 172 2392 ᾖς
187 2325 327 2396 ὃρίειιάὶὰὲ
345 2326 475 2386 mendax,
492 2323 519 2374 δι
535 2319 564 2372 in
582 2337 662 2374 omne
680 2321 762 2392 virgo

294 2408 399 2463 Nobilis
417 2423 524 2472 avum,

187 2498 288 2566 Surge.
305 2512 363 2564 quae
381 2493 449 2548 dixit
466 2490 559 2560 juveni
577 2490 693 2556 rnarito,

188 2585 289 2652 Surge,
307 2597 340 2633 ne
358 2582 454 2648 longus
473 2577 521 2630 tibi
539 2577 665 2640 somnus,
681 2577 750 2630 unde

146 2685 151 2690 ”
187 2671 252 2722 Non
268 2667 365 2731 times,
377 2667 471 2718 detur:
487 2663 606 2716 socerum
625 2662 652 2714 ἃ
666 2660 784 2716 scelestas

140 2773 177 2824 40
295 2755 365 2820 Falle
384 2751 509 2804 sorores:

189 2842 275 2907 Quae,
291 2841 367 2894 velut
385 2835 465 2890 nastae
484 2831 586 2888 vitulos
604 2834 714 2896 leenae,

188 2925 330 2996 Singulos,
344 2924 411 2977 eheu
426 2926 433 2977 l
450 2923 564 2974 lacerant
581 2933 588 2972 t
606 2931 657 2988 ego
676 2917 732 2972 illis
