1980 3614
232 317 277 392 14
387 309 791 386 σιιιιιιιιιιιι

195 425 328 488 llivitata
343 431 429 498 rotis,
447 436 586 506 palmaque
600 437 698 496 nobilis

225 511 365 568 Terrarum
380 517 504 574 dominos
519 521 610 576 evehit
625 525 657 576 ad
670 523 799 584 Deos,
903 581 906 586 .

225 594 321 661 Hunc,
337 599 360 651 si
375 589 515 656 mobilium
532 607 615 658 tutha
621 595 768 680 Quiritium
804 676 809 680 .
867 592 886 688 ³·
917 649 921 656 .

203 673 315 734 Certat
333 686 486 753 tergeminis
505 692 600 746 tollere
613 687 786 751 honoribusa

224 765 322 832 illum,
340 769 364 823 si
383 772 494 846 proprio
513 775 631 856 condidit
645 777 743 830 horreo

178 867 212 908 10
226 849 363 920 Quidquid
380 856 412 911 de
427 855 534 932 Libycis
552 849 666 912 verritur
683 861 760 918 areis.

226 925 392 990 Gaudentem
409 941 509 1008 patrios
526 940 624 996 findere
641 945 743 998 satculo

212 1017 329 1087 Agros,
349 1023 467 1090 ,Attalicis
486 1027 711 1084 conditionibus

223 1103 375 1173 Numquam
393 1109 550 1176 dimoveas,
569 1127 599 1164 ut
616 1115 688 1168 trabe
703 1111 810 1184 cypria

223 1188 366 1258 Myrtoum
383 1196 494 1263 pavidus
512 1211 590 1249 nauta
606 1197 675 1250 se'tet
691 1215 773 1251 mate.

178 1276 377 1355 1ιῖιᾶἱηπεηι
393 1281 483 1333 Icariis
498 1279 621 1335 flustibus
638 1279 775 1336 Africum

222 1362 358 1417 Mercator
374 1380 512 1434 metuens,
529 1366 617 1438 otium
634 1369 660 1420 &
676 1365 785 1444 oppidi

222 1447 322 1502 Laudat
338 1469 397 1502 rura
414 1451 472 1511 sui,
490 1469 556 1505 mox
571 1451 656 1506 reficit
673 1468 740 1507 rates

223 1533 349 1599 Quassus,
367 1535 494 1592 andocrlta
506 1553 658 1606 pauperiem
674 1540 752 1608 pati.
815 1557 817 1566 ’

222 1615 264 1666 Est
279 1618 325 1684 qui
342 1633 390 1670 uec
407 1620 506 1673 veteris
523 1623 619 1689 pocula
633 1623 764 1688 Massici,
830 1638 843 1666 ἰ
897 1663 901 1671 -

175 1710 211 1750 20
221 1699 278 1750 Nec
294 1715 395 1768 partem
414 1704 500 1780 solido
515 1707 619 1759 demere
635 1709 666 1761 de
683 1709 726 1773 die

223 1785 349 1852 Spernit,
369 1803 438 1840 nunc
455 1789 535 1842 viridi
551 1793 666 1845 membra
682 1793 728 1846 sub
746 1796 837 1848 arbuto

223 1868 342 1934 Stratus,
362 1888 432 1924 nunc
447 1875 479 1926 ad
494 1891 567 1944 aquae
582 1879 641 1928 lene
658 1895 735 1948 caput
750 1881 832 1934 satra

222 1939 327 2006 Multos
343 1956 443 2009 castra
437 1974 548 2024 luvant,
571 1961 597 2013 δι
611 1951 680 2014 lituo
696 1963 763 2016 tubae

223 2035 372 2094 Permixtus
389 2041 510 2107 sonitus,
529 2047 649 2116 bellaque
665 2049 793 2104 matribus
873 2057 877 2068 “

176 2146 207 2199 25
221 2125 375 2200 Detellata.
383 2127 475 2180 Manet
491 2128 537 2180 sub
553 2129 623 2184 Jove
632 2131 734 2226 frigido
794 2199 797 2204 μ

222 2191 375 2274 Venator,'
360 2225 476 2264 teuerae
492 2211 614 2282 coniugis
630 2215 797 2285 immemor,
841 2241 846 2249 =

222 2293 274 2346 Seu
287 2294 344 2348 visa
357 2295 394 2348 est
410 2295 503 2354 curulis
519 2314 597 2356 cerva
611 2297 784 2376 fidelibus,-

222 2379 274 2430 Seu
290 2380 361 2448 rupit
377 2395 481 2436 teretes
489 2381 591 2444 Marsus
607 2400 674 2454 aper
666 2359 780 2456 plagas

221 2459 269 2515 Me
287 2464 422 2518 doliatum
436 2467 519 2518 ederae
534 2469 641 2536 praemia
655 2471 782 2524 frontium

177 2567 210 2623 30
222 2548 271 2600 Dis
287 2549 397 2604 miscent
413 2549 514 2617 superis
528 2568 536 2621 ι
551 2567 593 2604 me
608 2555 725 2624 gelidum
740 2573 839 2624 nemus,
915 2573 922 2584 ·

222 2635 456 2704 Nympharumque
471 2635 546 2713 leves
555 2637 621 2688 'cum
634 2633 735 2710 Sr'ry'ris
747 2635 820 2712 'chori

222 2717 369 2772 Secernunl
383 2717 486 2788 ροῥιιιο
497 2737 514 2778 ·,¹
527 2719 552 2772 si
565 2717 652 2789 neque
667 2724 749 2795 tibias
781 2739 785 2752 ⁴
848 2723 852 2731 ”
911 2725 917 2739 “

221 2803 473 2879 Euterpe'cohiber,
486 2802 541 2856 'net
556 2803 737 2876 Polyhymnia
781 2807 794 2836 ³·
826 2828 831 2838 ‘
908 2817 911 2827 ¹

222 2886 354 2948 Lesboum
369 2887 467 2962 refulgit
481 2889 588 2943 relidere
603 2891 738 2954 barbiton.
844 2921 848 2926 ·
867 2921 872 2930 ·
900 2893 911 2940 -’
