1916 3602
232 275 449 346 brana
505 277 535 344 1.
671 283 737 372 αις

17 381 18 434 ἓ
52 389 88 446 tr
101 392 255 464 importunas
272 401 397 452 volucres
416 397 445 450 in
462 395 564 450 vertice
583 397 685 468 grundo

51 479 127 533 Terret
140 480 338 554 fixa,vetatque
354 483 436 536 novis
454 483 591 536 considere
606 481 635 534 in
646 480 744 534 bortis.

13 627 14 631 Ἰ
49 566 95 618 Huc
111 569 177 636 priua
195 570 309 641 angustis
326 567 409 637 ejesba
427 571 554 622 cadavera
572 568 648 620 cellia

48 652 177 706 conservus
196 653 246 707 vili
266 657 392 723 portanda
409 655 514 707 locabat
531 653 560 706 in
578 670 647 706 arca.

46 736 94 790 Hoc
109 739 205 792 miserae
224 741 297 809 plebi
315 740 393 793 stabat
411 756 554 792 commune
572 741 739 808 sepulcrum,
755 755 791 798 ιο

45 822 169 879 Pantolabo
189 827 305 890 scurrae,
323 827 546 896 Nomentanoque
565 824 668 895 nepoti.

45 907 105 962 Mille
116 915 193 980 pedes
206 914 236 965 in
246 913 351 982 fronte,
361 922 493 965 trecentos
504 911 599 980 cippus
610 911 639 964 in
650 927 741 980 agrum

44 994 83 1046 Hic
95 999 178 1062 dabat,
187 999 299 1051 heredes
314 1012 517 1051 monumentum
529 1014 563 1048 ne
577 997 740 1066 sequeretur.

42 1079 106 1133 Nunc
119 1084 177 1136 licet
191 1082 318 1152 Esquiliis
334 1081 450 1136 babitare
466 1083 627 1146 salubribus,
642 1095 722 1151 atque

11 1229 12 1234 Ἰ
45 1164 130 1234 Aggere
144 1168 171 1220 in
190 1169 283 1238 aprico
302 1167 429 1237 spatiari,
446 1167 498 1236 qua
516 1164 599 1219 modo
619 1165 704 1219 tristes
755 1181 787 1236 ις

43 1247 102 1302 Albis
117 1251 257 1308 informem
276 1253 424 1322 speblabant
441 1251 546 1325 ossibus
565 1267 666 1320 agrum.

44 1334 116 1400 Quum
128 1340 194 1393 milri
210 1355 266 1394 non
279 1353 381 1391 tanturn
391 1339 527 1407 furesque,
536 1339 649 1406 seraeque
661 1337 740 1390 sueta

43 1420 104 1475 Hunc
118 1441 218 1478 vexare
236 1427 344 1489 locum,
357 1419 433 1476 curae*
443 1424 504 1475 sunt
523 1437 602 1491 atque
619 1423 721 1486 labori,

43 1505 156 1571 Quantum
170 1509 335 1566 carminibus
350 1525 409 1578 quae
422 1509 526 1562 versant
538 1521 617 1576 atque
627 1507 739 1561 venenis

41 1592 158 1652 Humanos
176 1597 293 1650 animos.
311 1596 366 1648 llas
383 1596 458 1647 nullo
475 1596 583 1662 perdere
601 1593 719 1662 possum,
751 1611 788 1658 α.

39 1677 82 1732 Nec
90 1684 230 1750 probibere
240 1681 418 1745 modo,sinrul
426 1697 455 1732 ac
461 1697 529 1750 vaga
535 1681 606 1734 Luna
614 1683 739 1735 decorum

40 1761 135 1822 P'rotulit
148 1768 263 1839 os‚quin
276 1766 331 1820 offa
340 1766 589 1836 legant,herbasque
600 1784 740 1824 nocentes.

13 1851 88 1906 l-Vidi
103 1852 211 1927 ‘egomet
229 1852 306 1924 nigri
324 1850 480 1905 lucenam
497 1854 593 1906 vadere
610 1852 681 1921 palla

39 1938 178 2006 Canidiam,
194 1939 304 2009 pedibus
323 1937 419 2002 nudis,
434 1936 560 2007 passoque
579 1939 694 2007 capillo,

39 2024 92 2078 Cum
106 2029 206 2098 Sagana
222 2023 324 2092 maiore
339 2025 504 2076 ululantem:
519 2024 604 2090 pallor
617 2024 738 2094 utrasque
750 2043 783 2099 ²5

37 2107 128 2166 Fecerat
146 2112 291 2166 horrendas
308 2107 436 2178 aspesbu:
456 2108 570 2176 scalpere
589 2111 685 2164 terrain

36 2194 180 2267 Unguibus,
197 2196 337 2265 &pullam
352 2193 481 2247 divellere
496 2195 629 2251 mordicus
644 2216 739 2270 agnam

37 2281 180 2351 Coepemnt.
198 2283 286 2336 Cruor
301 2280 331 2332 in
346 2277 439 2332 sollum
457 2280 599 2346 confttsus,
614 2300 644 2338 ut
659 2286 720 2342 inde

34 2363 116 2422 Manes
133 2369 279 2431 elicerent,
297 2363 396 2418 animas
415 2365 539 2434 responsa
557 2370 668 2426 daturas.

34 2448 109 2506 [anea
127 2452 270 2524 &effigies
288 2464 364 2514 erat,
381 2451 463 2501 altera
481 2467 555 2504 cerea
571 2473 580 2514 ς
598 2455 684 2524 major
753 2475 790 2531 30
811 2492 814 2499 ·

33 2533 109 2592 lanea
119 2576 128 2606 ,
146 2556 205 2610 que
223 2535 313 2607 poeuis
332 2534 512 2603 compesceret
530 2537 694 2599 inferiorem.

33 2622 108 2678 Cerea
124 2622 278 2694 suppliciter
295 2621 374 2674 stabat
392 2620 552 2700 servilibus,
569 2641 599 2678 ut
617 2644 676 2696 que

32 2704 84 2760 lam
95 2707 320 2780 peritura‚rnodis.
326 2707 445 2759 Hecaten
453 2724 534 2763 vocat
545 2712 635 2774 altera,
642 2713 739 2770 sevana

33 2791 113 2849 Altera
126 2796 303 2865 Tisiphonen.
318 2793 477 2860 Serpentes,
494 2810 574 2864 atque
591 2795 696 2853 videres

32 2875 138 2940 hfemas
156 2897 244 2940 errare
261 2895 338 2934 canes
353 2895 363 2940 3
381 2876 534 2950 Lunamque
551 2881 706 2958 nrbqutem,
752 2905 787 2965 ³5
