1922 3598
239 337 460 413 'Libere
510 339 573 409 Il.
689 297 760 434 ¹245

57 455 88 509 Et
104 457 209 515 decedet
227 467 294 518 odor
313 465 404 518 nervis
423 462 546 516 inimicus
562 477 571 520 ·‚
590 469 617 512 at
636 457 682 512 illa

55 541 185 613 integrum
205 533 317 618 perdunt
335 550 394 603 lino
413 547 508 600 vitiata
527 545 661 613 saporem.¹

41 628 206 694 ¹Surrentina
225 636 300 688 valer
319 635 366 704 qui
384 633 477 686 miscet
496 633 558 684 iaece
577 626 685 681 Falerni
782 635 811 688 55

55 711 141 779 Vinu,
160 720 315 772 columbino
334 719 428 773 limum
446 720 512 770 berre
531 713 635 784 colligit
653 729 731 770 ov0;

56 797 191 860 Quatenus
210 804 263 856 ima
281 804 349 873 petit
365 789 480 856 volvens
499 801 584 854 aliena
602 799 721 852 vitellus.

55 881 138 938 Tostis
159 904 321 941 marcentem
339 888 440 958 squillis
459 885 607 947 recreabis,
627 885 653 935 δ(
669 881 731 936 Afri

54 965 179 1024 Potorem
200 974 328 1027 cochlei:
347 991 407 1026 nam
425 973 527 1026 ludiuca
545 971 646 1023 innatat
665 967 720 1022 acti

55 1049 112 1104 Post
121 1057 217 1110 vinum
228 1060 370 1114 stomacho.
380 1059 462 1112 Pemd
471 1057 554 1128 magis
564 1073 596 1109 ae
604 1056 686 1126 magis
695 1055 768 1108 hillis
780 1056 816 1109 60

55 1135 164 1208 Flagitat
183 1145 213 1196 in
228 1147 332 1199 morsus
350 1144 423 1198 refici
441 1165 448 1198 z
468 1144 535 1214 quin
553 1142 645 1194 omnia
663 1140 739 1193 malit

57 1222 235 1300 Quaecumque
253 1231 395 1286 immundis
413 1232 519 1284 fervent
538 1232 614 1282 allata
633 1227 753 1297 popinis.

54 1307 94 1360 Est
111 1329 200 1380 operae
219 1318 334 1386 pretium
352 1315 467 1383 duplicis
486 1314 642 1384 pernoscere
661 1311 726 1376 juris

54 1395 187 1454 Naturam.
207 1395 329 1472 Simplex
347 1421 361 1456 e
381 1401 450 1454 dulci
471 1399 570 1453 constat
589 1398 685 1463 olivo,

57 1481 135 1544 Quod
152 1487 245 1558 pingui
263 1487 374 1541 miscere
393 1503 467 1539 meto
478 1525 485 1548 ,
498 1483 636 1552 mutidque
655 1481 756 1536 decebit
780 1484 811 1552 65

56 1566 118 1620 Non
135 1573 202 1638 alid,
221 1573 299 1643 quim
320 1573 371 1644 qui
388 1571 517 1642 Byzantia
535 1570 624 1638 putuit
642 1586 714 1626 orca.

56 1647 111 1705 Hoc
130 1657 177 1710 ubi
198 1659 336 1712 confusum
355 1658 431 1710 seclis
450 1656 574 1710 inferbuit
591 1656 696 1720 herbis,

57 1738 227 1810 Corycioque
244 1761 323 1796 croco
340 1744 457 1812 sparsum
472 1741 557 1806 stetit,
570 1742 675 1811 insuper
690 1743 768 1797 addes

56 1821 138 1878 Pteffa
153 1829 311 1882 Venafranae
330 1830 401 1898 quod
419 1829 496 1880 bacca
513 1827 616 1880 remisit
634 1827 724 1881 olivae.

57 1907 158 1966 Picenis
178 1915 273 1967 cedunt
291 1915 378 1982 pomis
397 1913 516 1968 Tiburtia
535 1913 637 1973 succ03
750 1921 754 1926 “
781 1928 817 1979 70

57 1993 121 2048 Nam
139 1998 209 2052 lucie
227 1999 357 2067 ptaestant.
373 2001 511 2070 Venucula
529 1997 658 2050 convenit
677 1998 748 2054 ollis.

57 2076 160 2138 Rcdlirls
178 2087 304 2138 Albanam
322 2087 397 2138 sumo
416 2085 551 2137 duraveris
566 2101 660 2145 uvam.

57 2162 124 2220 Hane
135 2188 189 2240 ego
200 2187 260 2222 cum
271 2171 416 2239 malis,ego
426 2170 517 2221 faeccm
529 2169 640 2238 primus,
648 2171 673 2224 &
681 2171 771 2239 halex,

58 2247 157 2307 Primus
173 2257 198 2308 &
212 2256 337 2309 invenior
351 2255 427 2325 piper
440 2257 541 2319 album,
553 2273 613 2307 cum
627 2257 678 2310 sale
691 2259 769 2329 nigro

57 2333 209 2404 incretum,
228 2342 301 2410 puris
322 2339 533 2408 circumposuiss'e
554 2341 660 2397 catillis.
781 2359 813 2409 75

58 2419 171 2478 immane
189 2425 225 2478 eli
242 2427 357 2486 vitium,
371 2429 431 2477 dare
448 2425 532 2477 millia
548 2441 621 2480 terna
638 2433 766 2494 mucello,

57 2509 221 2580 Angustoque
239 2529 323 2581 vagos
344 2510 427 2578 pisces
447 2527 539 2578 urgere
559 2511 657 2566 catino.

58 2591 152 2665 Magna
165 2613 276 2650 movent
287 2595 421 2648 stomacho
433 2594 594 2659 fastidia‚seu
606 2615 670 2666 puer
680 2598 768 2654 ureris.

58 2677 189 2734 Trauavit
207 2683 313 2734 calicem
332 2681 467 2743 manibus,
480 2684 542 2733 dum
559 2683 628 2734 furta
645 2685 768 2754 ligurrit3

59 2763 117 2819 Sive
136 2767 223 2838 gravis
243 2767 328 2820 veteri
346 2781 450 2819 cratere
468 2767 549 2819 limus
568 2767 684 2821 adhaesit.
781 2775 816 2827 80

59 2845 159 2906 Vilibus
179 2854 207 2905 in
225 2853 325 2920 scopis,
336 2853 364 2903 in
381 2852 498 2918 mappis,
511 2851 539 2902 in
554 2851 645 2930 icobe,
655 2869 767 2921 quantus

61 2935 182 2993 Consistit
198 2940 342 3008 sumptus?
359 2937 501 3008 negleeiis,
514 2935 646 3005 flagitium
664 2939 768 3012 ingens.

554 3029 575 3080 Ι.
594 3029 623 3098 iij
