2006 3608
214 319 281 390 268
360 323 787 392 Errsrotrnvrr

211 441 950 512 Huncamor,iraquidemcommunireturitutrumquejr

213 529 351 597 Quidquid
369 531 481 582 delirant
500 547 594 600 teges,
610 528 759 598 plesiuutur
774 522 886 577 Achivi.

167 629 197 680 ις
213 613 365 678 seditione,
378 615 463 678 dolis,
477 615 589 674 scelere,
606 631 691 686 atque
700 611 825 675 libidine,
839 609 868 662 δι
880 607 940 672 irai,

213 699 308 752 iliacos
328 699 396 770 intra
415 716 506 753 muros
526 715 668 770 peccatur,
687 700 713 751 ἃ
728 711 813 750 extra.

213 784 325 836 Rursum
345 785 410 854 quid
428 784 534 846 virtus,
554 785 580 835 ἃ
596 783 661 852 quid
680 781 807 850 sapientia
826 777 940 846 possit,

213 870 288 924 Utile
307 869 447 938 proposuit
466 869 543 921 nobis
562 869 698 936 exemplar
716 863 861 936 Ulyssem3

214 953 270 1019 Qui
286 953 403 1006 domitor
417 953 523 1020 Trojae,
536 957 681 1005 multotum
696 951 825 1021 providus
840 939 940 1012 urbes,

166 1055 202 1092 20
214 1039 246 1091 Et
255 1056 343 1092 mores
353 1039 493 1091 hominum
504 1038 770 1106 inspexit3latumque
777 1050 939 1102 peraequor,

214 1123 287 1176 Dum
297 1123 362 1188 sibi,
370 1125 431 1175 dum
442 1123 521 1175 sociis
534 1123 646 1176 reditum
658 1119 841 1189 parat,aspera
851 1121 941 1170 multa
998 1131 999 1140 ¹

214 1208 345 1272 Pertulit,
360 1208 478 1260 adversis
498 1223 586 1260 rerum
605 1203 790 1258 immersabilis
809 1203 901 1259 undis.
998 1255 999 1270 ,

216 1293 337 1347 Sirenum
357 1311 457 1357 voces,
474 1279 599 1346 &Circae
618 1292 716 1360 pocula
734 1288 824 1342 nosti:
993 1275 999 1344 i

216 1379 284 1444 Qua
303 1379 326 1431 si
345 1395 406 1430 curn
424 1376 504 1430 sociis
523 1377 615 1428 stultus
633 1375 794 1444 cupidusque
813 1371 939 1437 bibisset,

169 1476 200 1530 25
217 1462 269 1515 Sub
289 1463 396 1518 domina
415 1461 553 1519 meretrice
571 1459 659 1514 suisset
677 1459 762 1529 turpis
779 1460 805 1514 δι
819 1475 939 1512 excors:

216 1546 332 1602 Vixisset
350 1547 422 1600 canis
441 1547 612 1609 immundus,
627 1547 672 1598 vel
691 1544 777 1598 amica
793 1546 853 1596 lut'o
874 1544 930 1596 sus.

216 1635 275 1686 Nos
292 1649 417 1684 numerus
435 1633 539 1696 sumus,
554 1633 580 1683 ἃ
590 1631 678 1700 fruges
692 1630 848 1682 consumere
865 1629 942 1694 nati,

217 1715 316 1785 Sponsi
336 1715 495 1785 Penelopae,
513 1718 677 1778 nebulones,
696 1715 875 1783 Alcinoique,

218 1801 329 1855 incute
349 1804 462 1854 curanda
481 1803 539 1869 plus
559 1817 637 1869 aequo
657 1815 764 1869 operata
783 1799 912 1867 juventus
936 1819 944 1854 t

174 1904 208 1958 30
222 1886 272 1940 Cui
291 1877 430 1955 pulchrum
449 1886 499 1938 suit
518 1885 547 1937 in
565 1885 668 1939 medios
687 1885 802 1938 dormire
821 1884 896 1950 dies,
915 1887 946 1938 δι

220 1972 261 2025 Ad
282 1970 417 2039 strepitum
441 1971 548 2024 citharae
570 1969 692 2024 cessatum
712 1973 805 2024 ducere
825 1988 930 2025 curam.

220 2059 259 2110 Ut
269 2057 389 2128 jugulent
401 2055 552 2118 hominem,
562 2055 669 2126 surgunt
680 2058 711 2108 de
723 2056 801 2108 nodie
812 2058 950 2116 latrones3
997 2095 998 2130 3

222 2147 261 2197 Ut
281 2159 306 2197 te
326 2143 412 2211 ipsum
431 2142 536 2203 serves,
551 2157 607 2192 non
625 2140 816 2210 expergisceris
836 2143 846 2194 ἓ
868 2141 947 2211 arqui

225 2229 253 2280 Si
272 2233 348 2282 noles
366 2228 464 2291 sanus,
478 2241 566 2278 curres
584 2224 746 2293 hydropicus
764 2243 773 2284 3
791 2227 818 2276 δι
835 2228 865 2277 ni

178 2333 209 2388 35
224 2315 319 2370 Posces
339 2329 398 2366 ante
417 2311 488 2364 diem
507 2311 602 2362 librum
624 2326 685 2362 cum
704 2312 824 2375 lumine,
844 2311 870 2363 si
891 2329 949 2365 non

140 2433 144 2438 ‚
226 2403 350 2456 Intendes
370 2400 488 2452 animum
508 2395 598 2448 studiis
619 2397 739 2448 &rebus
758 2396 898 2463 honestis,

225 2487 331 2542 Invidid
349 2488 394 2538 vel
412 2499 504 2536 amore
521 2480 590 2551 vigil
608 2481 772 2548 torquebere.
792 2483 862 2534 Nam
884 2501 950 2548 cur,

228 2574 296 2640 Quae
315 2573 413 2626 laedunt
431 2571 547 2630 oculos,
564 2565 670 2619 festinat
689 2567 793 2620 demere
810 2585 819 2626 3
839 2567 869 2622 si
886 2571 953 2638 quid

229 2649 272 2710 Est
287 2657 420 2718 animum,
433 2653 522 2706 differs
539 2649 646 2704 curandi
661 2663 765 2718 tempus
781 2651 810 2704 in
825 2659 953 2710 aunum?

182 2758 217 2820 40
231 2741 379 2793 Dimidium
393 2737 472 2802 faui,
483 2735 529 2806 qui
542 2735 640 2804 coepit,
650 2735 748 2794 habet:
762 2736 852 2806 sapere
868 2743 956 2808 aude,

231 2828 331 2896 incipe.
352 2825 407 2894 Qui
426 2823 496 2876 redii
514 2821 625 2874 vivendi
644 2836 772 2892 prorogat
789 2822 909 2889 horam,

232 2911 351 2966 Rusticus
373 2908 508 2980 exspeliat
526 2909 589 2962 dum
607 2905 704 2960 defluat
722 2906 808 2962 amnis
826 2927 836 2970 3
855 2925 887 2964 at
908 2911 957 2966 ille
