1980 3614
175 279 204 384 u
349 263 732 357 ,nonArrr

178 423 251 482 tim'o
275 441 391 505 parente
415 427 540 490 Romam
563 427 730 511 deportatus
758 425 827 503 est,
850 425 941 512 (4)

106 560 109 568 ,
178 525 352 611 traditusque
366 533 395 591 in
411 531 589 614 disciplinam
606 532 713 594 Orbilii
730 531 777 615 (ς)
794 531 943 613 Pupilli,

180 631 230 710 qui
246 651 354 713 nuper,
371 634 466 696 relidi
482 637 652 698 Benevento
666 635 775 717 patrid,
795 635 940 696 Romam

180 732 375 815 demigrarat,
393 754 424 796 ut
441 737 480 796 ibi
498 739 589 799 bonas
606 755 679 798 artes
698 739 824 799 doceret.
846 737 939 798 Pue'r

178 837 276 920 itaque
294 838 432 926 Horatius
449 840 567 902 honeste
585 843 616 902 &
633 842 768 902 decenter
782 839 936 916 vestitus,

181 942 283 1001 additis
298 944 383 1002 etiam
400 943 522 1004 servulis'
533 945 581 1025 qui
598 943 802 1026 sequerentur,
815 943 937 1004 (1οᾶτὶ-

181 1049 225 1104 nis
241 1048 388 1120 omnibus,
401 1049 482 1129 queis
497 1046 633 1128 Equitum
651 1068 683 1106 ac
698 1044 871 1107 Senatorum
892 1048 936 1107 li-

180 1147 245 1208 beri
263 1148 481 1223 imbuebantur,
500 1148 557 1208 unit
578 1149 704 1210 eruditus
726 1149 790 1222 est,
812 1149 936 1234 advigi-

180 1249 258 1312 lante
276 1253 409 1328 interim,
424 1255 455 1314 &
470 1251 575 1312 cundia
595 1251 656 1312 fere
676 1252 752 1313 locis·
763 1251 933 1333 praesente,

181 1356 296 1434 optimo
311 1372 446 1436 parente,
460 1375 497 1416 ne
514 1355 583 1436 quid
598 1355 759 1430 accideret,
774 1378 833 1438 quo
850 1377 932 1438 pue·

182 1457 242 1517 tilis
268 1461 357 1518 aetatis
387 1457 532 1539 integritas
559 1473 817 1538 corrumperetur:
842 1460 932 1538 quod

182 1561 300 1642 quidem
317 1561 385 1622 vere
402 1578 552 1642 paternum
570 1559 743 1622 beneficium
758 1563 879 1643 perenni
894 1564 933 1626 &

183 1683 270 1724 aureo
288 1665 358 1746 grati
374 1665 462 1724 animi
478 1683 669 1726 monumento
685 1661 753 1746 (6)
772 1663 845 1725 filius
861 1685 931 1727 me·

183 1786 249 1846 ntor
263 1767 461 1849 consignatum
472 1766 575 1828 voluit.

224 1868 328 1930 Romae
346 1871 430 1952 igitur
447 1870 487 1930 sic
508 1868 668 1941 institutus,
688 1867 930 1954 humanitatisque
983 1879 984 1894 ³

184 1973 218 2037 &
242 1959 415 2055 eloquentiae
438 1969 536 2032 studiis
561 1972 709 2045 imbutus,
733 1993 822 2033 annos
844 1990 929 2036 natus

184 2077 297 2138 circiter
313 2075 534 2157 duodeviginti,
554 2073 684 2138 Athenas
702 2073 762 2158 (7)
775 2073 834 2158 jam
853 2077 929 2139 ado·
983 2095 984 2100 ’

185 2178 294 2242 lescens
313 2181 397 2260 petiit
409 2178 597 2260 Philosophiae
615 2178 809 2260 perdiscendae
826 2182 926 2242 causdz
983 2259 984 2270 ἵ

186 2283 255 2348 iude
282 2281 391 2344 secutus
418 2281 459 2342 est
490 2281 637 2354 Brutum,
665 2279 735 2364 (8)
764 2283 835 2364 qui,
859 2282 926 2364 post

224 2486 278 2555 (4)
298 2484 323 2538 s.
343 2483 364 2540 1.
384 2485 409 2539 ε.
430 2483 484 2548 7⁶..
516 2514 521 2521 .

219 2580 235 2652 ι(
244 2584 277 2650 5)
298 2580 396 2646 EP·1¹·
418 2596 441 2630 1·
460 2595 503 2644 71·
521 2579 566 2646 Ep.
583 2579 621 2670 sl.
639 2594 664 2631 2.
680 2595 725 2642 41.

226 2678 278 2746 (6)
300 2677 326 2728 S.
349 2692 372 2728 r.
392 2675 418 2725 6.
438 2674 535 2740 76-84.

225 2773 277 2842 (7)
295 2771 341 2838 Ep.
360 2771 396 2821 ΙΙ.
417 2788 442 2822 2·
461 2787 506 2838 43.

202 2877 204 2881 ’
227 2865 445 2940 (8)0d.11.7.
467 2865 566 2934 1&9·
