1922 3598
119 328 146 336 '¹
190 335 421 414 ΜΒΝ·
459 333 523 406 ΙΙ.
648 329 711 400 261

6 445 81 521 Quod
99 458 310 530 Methymnaeam
329 460 400 514 vitio
419 455 562 511 mutaverit
580 471 670 506 uvam.
733 457 765 516 50

7 544 94 598 Erucas
113 548 236 614 virides,
254 551 339 602 inulas
359 565 410 618 ego
430 546 531 614 primus
550 559 651 596 amaras
697 592 701 597 .

6 631 147 685 Monstravi
164 635 308 704 incoquere
321 654 329 694 3
344 634 436 686 illusos
451 631 578 683 Curtillus
594 627 721 691 echinos,

6 717 38 767 Ut
56 718 149 770 melius
170 720 272 783 murial,
285 737 363 788 quam
382 718 444 770 testa
463 716 563 768 matina
581 712 707 765 remittat.

7 801 99 854 Interea
118 804 244 873 suspensa
264 821 356 873 graves
376 805 455 854 aulaea
475 799 562 852 ruinas

5 885 34 938 ln
51 889 169 954 patinam
190 889 295 951 fecere,
312 887 442 940 trahentia
461 883 580 954 pulveris
600 881 668 946 atri,
734 897 743 949 5
747 901 763 948 5

7 971 135 1035 Quantum
156 989 214 1024 non
233 973 330 1041 Aquilo
350 971 491 1040 Campanis
510 969 609 1022 excitat
628 967 706 1036 agris.

7 1057 57 1108 Nos
75 1059 161 1122 maius
180 1058 280 1122 veriti,
297 1058 432 1126 pollquarn
452 1057 519 1108 nihil
537 1055 589 1107 else
607 1055 700 1123 pericli

6 1140 151 1207 Sensimus,
166 1143 301 1214 erigimur.
315 1142 413 1205 Rufus,
428 1142 518 1210 posito
537 1141 636 1209 capite,
649 1157 679 1191 ur
695 1139 719 1192 si

6 1225 80 1280 Filius
99 1229 259 1281 immaturus
280 1227 391 1292 obiffet,
408 1227 480 1281 flere.
502 1226 569 1292 Quis
588 1224 651 1278 ess'et

7 1310 90 1377 Finis,
108 1314 138 1366 ni
160 1315 264 1381 sapiens
284 1313 321 1366 sic
341 1311 525 1364 Nomentanus
544 1312 657 1364 amicum
697 1358 698 1362 ,
731 1311 768 1364 60

6 1396 137 1454 Tollererl
145 1401 206 1451 Heu
216 1403 221 1452 !
233 1401 362 1462 Fortuna,
372 1399 431 1466 quis
442 1397 479 1450 est
490 1397 620 1449 crudelior
630 1396 658 1447 in
670 1413 719 1450 nos

7 1481 39 1533 Te
58 1483 133 1534 Deus
152 1487 163 1536 l
181 1499 210 1536 ut
229 1485 332 1550 semper
352 1484 447 1552 gaudes
466 1481 579 1534 illudere
595 1482 671 1532 rebus

7 1567 157 1622 Humanis!
177 1567 275 1620 Varius
295 1567 390 1635 mappi
410 1565 576 1632 compescere
595 1563 676 1616 risurn

9 1650 58 1704 Vix
77 1667 193 1720 poterut.
214 1653 337 1715 Balatro,
354 1652 511 1719 suspendens
531 1649 620 1702 omnia
638 1651 719 1715 naso,

9 1736 64 1788 Haec
82 1737 120 1790 est
139 1736 261 1790 conditio
280 1735 409 1798 vivendi,
429 1735 534 1788 aiebat:
555 1733 640 1804 eoque
731 1735 763 1806 65

8 1819 171 1890 Responsura
191 1832 239 1870 tuo
258 1835 400 1886 numquam
419 1818 455 1871 est
475 1836 521 1887 par
539 1819 608 1872 lama
627 1819 719 1871 labori.

9 1904 91 1968 Tene,
103 1920 135 1958 ut
155 1920 207 1973 ego
226 1903 341 1972 accipiat
358 1901 444 1968 laute,
461 1903 609 1971 torquerier
628 1902 703 1954 omni

11 1990 189 2044 Sollicitudine
207 1988 349 2041 distrislum
366 2007 374 2050 3
392 2005 425 2041 ne
444 1989 520 2057 panis
540 1988 658 2050 adustus,

11 2073 45 2125 Ne
62 2074 130 2128 mal'e
151 2073 348 2145 conditumujus
368 2087 516 2142 apponatur
532 2091 541 2132 ;
560 2087 590 2125 ut
609 2089 701 2128 ornnes

12 2157 141 2214 Praecindii
160 2157 230 2211 redis
250 2157 344 2226 pueri,
363 2157 516 2226 comptique
536 2157 708 2212 ministrent?
732 2173 768 2225 70

11 2243 75 2298 Adde
93 2249 144 2298 hos
164 2257 291 2313 praeterea
301 2241 381 2302 'casus
398 2260 406 2301 ;
425 2243 506 2294 aulea
525 2257 600 2293 ruanr
618 2243 660 2305 si,

12 2327 44 2380 Ut
56 2329 138 2383 modo
150 2349 158 2390 ·,
173 2330 196 2381 si
209 2328 325 2398 patinam
339 2328 405 2395 pede
418 2327 504 2397 lapsus
517 2329 618 2398 frangat
631 2329 721 2398 agaso.

11 2411 55 2464 Sed
72 2415 278 2477 convivatoris,
295 2415 335 2465 uti
354 2414 445 2475 ducis,
463 2413 598 2482 ingenium
617 2433 657 2466 res

11 2496 127 2552 Adversas
147 2501 243 2550 nudare
262 2499 367 2561 solent,
385 2499 469 2550 celare
489 2499 613 2551 secunde.
656 2526 660 2536 =

11 2581 163 2638 Nasidienus
174 2585 206 2634 ad
216 2584 271 2635 haec
279 2602 286 2635 :
294 2583 355 2635 Tibi
363 2584 411 2646 Dl,
418 2599 588 2652 quaecumque
599 2584 723 2651 preceris,
732 2597 765 2650 75

14 2668 155 2722 Commoda
166 2671 241 2721 dent!
252 2669 289 2720 ita
297 2667 340 2720 vir
349 2670 433 2720 bonus
443 2686 471 2722 es
478 2708 485 2731 ,
493 2669 662 2736 convivaque
673 2671 768 2726 comis·

13 2751 41 2802 Et
57 2755 140 2808 soleas
159 2751 254 2821 poscit'.
270 2753 339 2805 Tum
359 2752 388 2803 in
405 2753 474 2806 ledlo
494 2771 599 2821 quoque
616 2754 720 2806 videres

13 2831 120 2888 Stridere
137 2835 236 2888 secreti
254 2833 356 2886 divisos
376 2851 437 2886 aure
456 2835 582 2888 susurros.

12 2917 101 2976 Nullos
119 2922 161 2976 his
180 2923 286 2976 mallem
303 2922 381 2974 ludos
399 2921 520 2992 specialis
536 2939 544 2981 3
564 2922 608 2976 sed
626 2921 671 2976 illa
