2006 3608
182 335 251 406 294
323 313 748 388 Errsrorrrnrt

179 435 255 500 Neu,
271 433 295 488 si
311 449 337 489 te
351 439 464 506 populus
480 438 573 492 sanum
589 435 708 506 reeteque
722 435 877 486 valentem

180 519 309 585 Dichter,
324 525 455 575 occultam
471 525 570 576 febrem
587 525 633 576 sub
644 537 748 589 tempus
764 517 880 572 edendi

180 605 444 671 Dissimules‚donec
454 609 574 662 manibus
586 624 686 662 tremor
695 605 791 658 incidat
803 603 930 660 unciis·

182 692 327 744 Stultorum
344 692 460 746 incurata
475 695 561 763 pudor
575 697 660 746 malus
674 695 761 744 ulcera
776 692 872 746 celat.

135 791 166 843 ²5
183 777 210 830 si
228 776 287 847 quis
304 778 372 830 bella
388 778 438 830 tibi
456 778 526 832 tetrd
541 794 656 850 pugnata
670 776 791 847 marique

182 862 278 927 Dicat,
291 861 316 915 ἃ
327 862 369 916 hit
380 864 469 916 verbis
482 881 578 916 vacuas
593 863 754 932 permulceat
767 877 853 913 aures
870 879 882 913 ε

183 949 256 1000 Tene
267 948 350 1018 magis
361 949 464 1002 salvum
473 951 588 1018 populus
598 948 713 1013 velit,an
721 949 866 1016 populum
879 963 933 1013 tu,

184 1035 278 1086 Servet
289 1033 317 1087 itt
328 1034 467 1105 ambiguo,
477 1033 523 1103 qui
535 1034 650 1086 consulit
661 1033 687 1086 &
696 1031 796 1094 tibi‚&
805 1033 888 1086 Urbi
898 1071 913 1098 ,

184 1119 287 1188 Jupiter
298 1137 306 1172 t
319 1119 427 1190 Augusti
441 1121 531 1172 laudes
546 1120 686 1190 agnoscere
701 1115 804 1186 possis.

138 1219 173 1274 30
185 1206 276 1272 Quum
290 1205 387 1273 pateris
403 1203 504 1274 sapiens
515 1243 525 1268 ,
536 1205 737 1272 emendatusque
753 1203 859 1257 vocari
872 1244 886 1269 ,

185 1290 370 1359 Respondesne
384 1304 447 1353 tuo¹
460 1289 502 1342 dic
518 1289 611 1353 sodes,
622 1289 731 1342 nomine
744 1291 887 1359 dnempe

184 1373 237 1426 Vir
251 1375 350 1438 bonus,
363 1375 388 1426 δι
398 1375 512 1442 prudens
525 1373 580 1426 dici
594 1374 711 1427 delector
724 1389 793 1444 ego,
807 1392 843 1428 ac
857 1393 909 1434 tu.

186 1459 241 1525 Qui
252 1460 322 1512 dedit
333 1459 384 1513 hoc
394 1459 490 1523 hodie,
500 1458 603 1524 erasmi
613 1461 702 1522 volet,
713 1459 820 1512 auferet
829 1479 841 1514 t
850 1480 890 1517 ut
904 1466 933 1518 si

186 1545 318 1598 Detulerit
332 1545 411 1598 fasces
427 1544 554 1614 indigno,
569 1545 686 1597 detrahet
702 1544 783 1598 idem.

140 1637 170 1698 35
186 1629 272 1692 Pone,
282 1646 371 1681 meum
380 1627 430 1692 est,
441 1629 543 1698 inquit:
554 1628 783 1698 pono,tristisque
798 1637 934 1692 recedo.

185 1717 272 1780 Idem,
283 1715 308 1767 si
322 1717 416 1767 clamet
431 1713 532 1777 furem,
546 1729 624 1783 neget
638 1713 689 1766 effe
704 1715 857 1782 pudicum,

185 1801 336 1855 Contendat
350 1803 446 1869 laqueo
463 1802 561 1852 collum
576 1798 696 1868 ptestiffe
711 1815 887 1869 paternum,

186 1889 311 1940 Mordeat
326 1884 477 1954 opprobriis
491 1883 579 1948 falsis,
592 1900 743 1953 mutemque
758 1889 909 1945 colores?
1001 1889 1002 1898 ¹

141 1999 173 2050 30
187 1973 273 2024 Falsus
289 1972 376 2023 honor
391 1967 481 2033 iuvat,
496 1969 521 2019 &
535 1971 648 2021 mendax
664 1969 772 2021 infamia
789 1987 890 2029 terret

138 2057 289 2126 Quem,nisi
299 2053 742 2130 mendosum‚&·medicandum?Vir
749 2055 848 2111 bonus
855 2061 902 2113 est
908 2065 981 2134 quis!

187 2145 241 2210 Qui
253 2143 370 2196 consulta
383 2155 486 2209 patrum
494 2177 504 2202 ,
512 2139 558 2208 qui
569 2140 640 2208 leges
652 2138 760 2208 juraque
773 2141 876 2198 servat
887 2168 903 2210 ·,
1000 2133 1001 2142 ἵ

187 2231 250 2296 Quo
266 2231 353 2282 multat
369 2241 522 2296 magnaeque
538 2225 658 2276 secantur
671 2223 757 2290 judice
772 2225 844 2281 lites
859 2251 872 2292 3

186 2315 250 2380 Quo
267 2333 308 2367 res
323 2312 464 2381 sponsore,
477 2310 503 2360 δι
516 2325 570 2378 quo
586 2309 667 2361 causae
682 2309 743 2360 teste
758 2321 933 2374 tenentur?

188 2399 238 2452 Sed
253 2399 327 2451 videt
340 2399 410 2450 hunc
426 2393 515 2448 omnis
531 2395 641 2457 domus,
656 2395 682 2446 ἃ
695 2394 799 2450 vicinia
819 2415 890 2460 tota
999 2417 1000 2420 ¹

140 2499 172 2551 45
187 2484 331 2536 Introrsurn
347 2496 465 2549 turpem,
479 2479 626 2548 speciosum
642 2480 710 2546 pelle
726 2481 844 2541 decori.

188 2572 244 2622 Nec
259 2570 358 2621 furtum
376 2565 442 2628 feci,
458 2581 505 2617 net
521 2563 593 2633 fugi.
610 2563 633 2616 si
649 2563 716 2617 mihi
733 2567 801 2620 dicit

188 2659 286 2709 Servus
299 2671 307 2707 t
320 2653 407 2704 Habes
423 2649 537 2720 pretium
547 2668 557 2708 i
567 2649 633 2701 loris
648 2667 704 2702 non
718 2653 807 2706 ureris
818 2694 828 2719 ,
841 2658 909 2717 aio,
998 2671 999 2676 ¹

90 2757 99 2772 ‘
187 2742 251 2793 Non
259 2736 396 2792 hominem
407 2734 566 2787 occidizNon
575 2734 662 2802 pasces
672 2734 700 2786 in
708 2752 786 2790 cruce
796 2757 928 2804 corvos,
998 2721 999 2728 ἵ

189 2828 251 2879 Sum
263 2826 348 2877 bonus
359 2823 384 2874 &
393 2819 477 2889 frugi:
488 2817 586 2871 Renuit
598 2819 748 2888 negitatque
759 2823 908 2886 Sabellus.

144 2928 177 2979 50
189 2913 286 2963 Cautus
302 2906 374 2961 enim
388 2904 483 2958 meunt
497 2904 605 2958 foveam
618 2907 713 2974 lupus.
726 2909 928 2988 accipiterque
997 2907 998 2940 2
