1960 3606
205 311 218 366 J
272 337 492 408 Ltuutt
549 341 578 409 Ῑ.
716 361 783 437 297
842 449 846 458 ¹

56 447 237 517 splendidius
244 456 330 511 multd
340 459 477 529 est.Equus
486 465 722 532 utmeportet,alat
728 481 784 530 tex,
798 468 846 506 20·

57 535 198 588 Officium
215 540 286 593 facio
300 563 307 596 t
323 557 353 595 tu
367 547 454 613 poscis
472 547 537 598 vilia
554 565 658 614 rerum,

54 615 154 672 Dante
171 623 277 690 mittor,
288 629 410 695 quamvis
423 632 474 684 fers
489 646 515 684 re
527 632 625 686 nullius
638 648 769 706 egentem.

57 704 168 758 Omnis
178 706 339 778 Aristippum
352 716 441 768 decuit
452 719 541 782 color,
554 719 579 770 δι
588 719 681 785 status,
691 721 717 772 δι
726 739 784 787 tet,
820 753 822 760 ι

56 787 228 844 Tentantem
244 795 360 864 majora,
373 799 428 854 sete
445 803 615 870 presentibus
631 823 745 876 aequum.

56 871 187 940 Contrd,
198 894 276 946 quem
292 883 390 950 duplici
404 903 493 954 panno
509 888 636 956 patientia
650 891 736 958 velat,
795 898 827 952 25

53 957 204 1026 Mirabor,
219 963 283 1016 vitae
299 967 344 1019 via
362 970 386 1021 si
403 973 529 1024 conversa
546 975 656 1030 decebit.
748 971 750 974 ¹

55 1041 137 1094 Alter
156 1061 319 1113 purpureum
336 1067 392 1102 non
409 1053 569 1121 exspeclabit
587 1055 731 1110 amiGumt

55 1128 204 1191 Quidlibet
218 1127 325 1187 iitdutus
345 1138 512 1191 celeberrima
528 1157 575 1208 per
589 1143 649 1192 loca
664 1144 762 1204 vadet,

54 1211 260 1286 Personamque
273 1219 339 1272 seret
352 1238 408 1274 non
422 1223 598 1277 inconcinnus
612 1242 759 1296 utramque.

54 1296 134 1350 Alter
150 1301 240 1355 Mileti
258 1318 358 1358 textam
377 1325 439 1360 cane
457 1308 531 1376 pejus
550 1311 576 1362 ἃ
592 1328 675 1381 angue
793 1327 827 1380 30

54 1381 167 1438 Vitabit
183 1389 348 1459 chlamydem
361 1410 368 1450 3
383 1393 511 1446 morietur
525 1395 638 1464 frigore,
649 1396 672 1448 si
686 1415 742 1451 nou

55 1465 205 1524 Rettuletis
218 1489 344 1542 pannum.
358 1475 448 1542 Refer,
461 1479 487 1529 δι
500 1478 557 1530 sine
571 1480 647 1532 vivat
661 1482 776 1551 ineptus.

55 1549 112 1603 Res
127 1571 234 1624 gerere,
247 1560 274 1610 &
285 1576 376 1628 captos
392 1561 525 1616 ostendere
539 1565 641 1618 civibus
656 1567 757 1636 hostes,
783 1634 786 1640 Ι

56 1633 177 1709 Attingit
192 1642 290 1694 solium
304 1645 317 1697 J
321 1645 400 1709 ovis,
414 1647 441 1697 δι
456 1647 571 1700 coelestia
587 1663 679 1704 tentat.

56 1720 230 1792 Principibus
243 1728 365 1796 placuisse
378 1731 444 1782 viris
453 1770 460 1795 ,
469 1749 524 1784 nott
537 1733 630 1785 ultima
643 1737 699 1788 laus
711 1735 756 1792 est.
789 1750 822 1806 35

55 1807 125 1860 Non
143 1811 229 1864 cuivis
242 1815 347 1867 homini
362 1815 493 1886 contingit
507 1819 577 1870 adite
591 1823 759 1878 Corinthum.

57 1893 151 1959 Sedit,
164 1897 211 1966 qui
219 1898 315 1964 ,tinuit
329 1915 362 1952 ne
377 1917 432 1954 non
446 1902 613 1956 succederet:
628 1903 702 1958 esto:

57 1979 157 2044 Quid?
171 1984 217 2052 qui
232 1987 369 2054 pervenit,
378 1986 474 2039 fecitne
489 1989 626 2040 viriliter?
640 1988 713 2061 atqui

56 2062 823 2142 chest,autnusquam,quodquerimus-Hiconusltorter,

57 2149 97 2202 Ut
109 2155 200 2221 parvis
214 2155 309 2228 animis
323 2157 445 2224 &parvo
461 2172 572 2223 corpote
587 2155 692 2222 mejus3
786 2181 826 2230 40

57 2233 111 2288 Hic
123 2239 205 2302 subit,
216 2241 242 2292 &
253 2242 422 2310 perferedut
432 2240 518 2294 virtus
529 2236 630 2295 humen
641 2243 717 2298 inane
728 2245 776 2312 est,
793 2275 796 2281 ·

57 2319 112 2374 Aut
124 2327 203 2377 decus
216 2327 364 2394 &pretium
377 2325 446 2378 telle
458 2327 526 2396 petit
536 2328 677 2395 experiens
687 2331 743 2385 vir.

60 2404 160 2461 Coram
175 2428 236 2480 rege
251 2411 298 2462 suo
315 2413 346 2462 de
360 2426 511 2478 paupertate
525 2427 658 2479 tacentes,

57 2486 119 2546 Plus
134 2496 260 2563 poscente
273 2497 365 2548 serent.
378 2495 604 2560 Dinaesunasne
620 2504 763 2568 pudenter,
845 2547 847 2552 .

58 2573 100 2627 An
114 2579 210 2646 rapias.
221 2581 302 2650 Atqui
316 2598 403 2634 retum
417 2597 494 2650 caput
505 2584 557 2636 hoc
568 2601 638 2650 erat,
648 2587 691 2638 hic
701 2589 772 2641 fons,
785 2611 820 2663 45

58 2657 179 2717 indotata
196 2667 261 2716 milti
278 2668 353 2718 furor
367 2666 419 2730 est,
431 2663 588 2736 paupercula
604 2687 703 2734 mater,

58 2745 90 2798 Et
105 2751 199 2812 fundus
215 2771 265 2806 nec
280 2754 438 2818 vendibilis,
454 2772 502 2808 nec
517 2759 621 2824 pascere
636 2757 745 2823 firmus,

60 2831 115 2896 Qui
131 2836 213 2901 dicit,
229 2841 333 2898 clamat.
349 2839 458 2890 Vitium
475 2842 541 2892 date.
551 2842 678 2904 ,Succiuit
693 2843 778 2908 alter,

58 2915 91 2970 Et
105 2923 172 2978 mibi
187 2925 298 2978 dividuo
316 2922 429 2976 findetur
444 2941 554 2978 munere
569 2929 675 2993 quadra.

567 3021 630 3073 Nu
