2006 3608
234 309 570 413 Porciam
690 355 757 430 ηπ

30 453 120 522 Quod
138 475 196 513 non
208 465 351 535 proposito
366 467 513 528 conducat,
527 464 553 516 dt
563 463 661 516 hereat
675 458 746 530 apt'c.
774 467 825 520 ¹95

40 544 80 595 lle
98 545 185 600 bonis
202 549 360 619 faveatque,
374 552 401 604 dr
415 549 572 605 concilietur
587 545 700 607 amicisi

29 626 64 680 Et
84 647 167 700 regat
184 632 284 699 iratos,
299 636 325 688 dt
339 651 409 688 arnet
425 651 533 705 peccate
549 632 695 685 timentes:

28 711 81 766 ille
100 719 186 788 dapes
203 722 292 774 laudet
309 723 406 776 mensa
422 721 530 786 brevis,
545 719 591 773 ille
608 718 736 772 salubrem

28 799 189 870 iustitiam,
205 807 348 877 legesque,
363 809 389 860 dr
405 808 502 878 apertis
520 806 576 860 otia
595 804 700 874 portisr

29 886 81 940 ille
100 905 180 963 tegar
198 891 355 958 cornmiffa,
369 894 493 963 Deosque
508 903 631 961 precetur
646 890 673 942 a
687 901 762 951 oret,
772 891 834 944 Μ’

28 971 68 1024 Ut
89 977 186 1028 redeat
204 976 325 1041 miseris,
339 979 413 1032 abeat
430 979 536 1032 sortuna
553 974 679 1045 superbis.

29 1056 114 1112 Tibia
129 1077 204 1126 non,
216 1077 246 1116 ut
261 1079 345 1128 nunc,
357 1063 490 1118 orichalco
503 1061 609 1128 vinela,
622 1063 743 1131 tubaeque

28 1141 161 1210 AEmula,
176 1148 222 1200 sed
239 1147 327 1202 tenuis
343 1149 510 1218 simplexque
526 1148 659 1202 foramine
676 1163 762 1217 pauco
826 1191 829 1196 .

30 1227 198 1300 Adspirare,
214 1233 241 1284 δι
255 1231 338 1286 adesse
355 1232 443 1286 choris
460 1249 516 1287 erat
531 1234 626 1297 utilis,
643 1248 724 1302 atque

30 1311 167 1369 Nondum
183 1314 260 1384 spissa
276 1316 356 1370 nimis
373 1320 507 1387 complere
523 1318 615 1371 sedilia
632 1317 716 1378 flatui
773 1339 825 1392 ²05

33 1397 101 1462 Qud
119 1399 183 1454 sane
199 1403 316 1471 populus
333 1403 522 1468 numerabilis,
535 1417 632 1473 utpote
646 1420 761 1472 parvus,

31 1482 65 1534 Et
81 1485 175 1556 frugi,
188 1485 340 1556 castusque,
351 1487 566 1556 verecundusque
583 1487 681 1542 coibat.

31 1567 181 1642 Postquam
192 1572 276 1640 coepit
286 1589 363 1642 agros
375 1576 517 1628 extendere
527 1573 626 1638 vilior,
636 1575 662 1627 δι
670 1577 762 1630 urbem

31 1652 130 1710 Latior
148 1657 272 1726 ampledii
289 1674 401 1723 murus,
416 1659 535 1729 vinoque
553 1660 648 1716 diurno

31 1738 141 1798 Placari
155 1742 259 1796 Genius
275 1743 346 1798 festis
362 1745 472 1813 impune
488 1747 580 1800 diebus
594 1765 603 1808 3
773 1764 833 1808 κισ

33 1826 160 1882 Accessit
178 1829 343 1898 numerisque
363 1831 501 1899 modisque
519 1831 627 1886 licentia
644 1833 741 1899 major.

34 1911 165 1967 ladodius
184 1912 246 1982 quid
260 1914 332 1967 enirn
350 1915 471 1982 saperet,
487 1915 606 1986 liberque
622 1919 762 1981 laborum,

36 1997 162 2052 Rusticus
181 1999 281 2052 urbano
300 1999 441 2064 confusus,
458 2000 544 2068 turpis
560 2000 699 2056 honesto?

36 2082 83 2136 Sic
101 2084 192 2152 priscae
208 2097 365 2154 motumque
384 2085 411 2135 δι
424 2085 558 2137 luxuriam
577 2085 675 2138 addidit
691 2088 742 2142 arti

34 2167 168 2232 Tibicen,
181 2167 316 2238 traxitque
331 2184 415 2238 vagus
432 2185 480 2235 per
495 2167 597 2236 pulpita
613 2169 722 2229 veliem.
769 2199 801 2238 21
806 2200 823 2252 5

36 2254 83 2308 Sic
100 2254 181 2308 etiam
197 2253 294 2306 fidibus
311 2269 393 2307 voces
410 2269 518 2308 crevere
535 2255 650 2321 severis,

36 2336 69 2390 Et
84 2339 146 2394 tulit
161 2338 300 2408 eloquium
315 2338 452 2394 insolitum
469 2340 589 2396 secundia
603 2359 740 2416 precepsr

36 2423 205 2494 Utiliumque
222 2425 301 2494 sagax
318 2441 422 2488 rerum,
438 2425 464 2477 ἃ
480 2425 571 2484 divina
588 2427 670 2484 suturi

37 2509 178 2581 Sortilegis
194 2525 252 2561 non
269 2508 411 2576 discrepuit
427 2509 555 2564 sententia
570 2513 694 2582 Delphis.

39 2597 165 2649 Carmine
181 2594 227 2664 qui
243 2594 344 2664 tragico
360 2595 443 2647 vilem
460 2599 572 2650 certavit
587 2602 622 2653 ob
636 2603 755 2667 hircum,
766 2623 822 2666 220

39 2682 106 2736 Mox
122 2682 202 2736 etiam
220 2679 331 2750 agrestes
348 2681 457 2751 Satyros
474 2685 601 2749 nudavit,
617 2687 643 2738 δι
659 2687 733 2756 asper

38 2767 169 2821 incolumi
185 2765 315 2838 gravitate
333 2763 422 2832 jocum
440 2769 554 2822 tentavit
567 2787 575 2828 3
590 2766 624 2821 ed
640 2769 712 2838 qnid

39 2853 169 2908 illecebris
186 2867 241 2906 erat
259 2851 373 2923 &grati
392 2852 512 2906 novitate
529 2855 671 2908 morandus

39 2940 188 3016 Speiiatot,
202 2936 355 3010 fundusque
372 2935 467 3004 sacris,
478 2939 504 2994 u
516 2953 614 3010 potus,
627 2940 653 2996 δι
664 2941 757 3000 exlex.
