1922 3598
180 301 461 372 dinen
522 301 579 369 lq
686 323 775 404 273¹

39 417 168 477 AEliivani
185 423 306 479 sermone
324 425 441 494 benigno
461 423 568 476 rendere
588 419 720 476 noctem..

40 501 100 572 Qud
118 509 187 562 mihi
204 510 360 573 fortunam,
379 509 401 562 si
421 525 477 562 non
496 507 649 560 conceditur
668 503 737 561 uti?

15 579 141 647 ''Parcus'
150 597 187 648 ob
200 596 309 648 heredis
327 611 434 652 curams
449 592 616 662 nimiumque
635 593 757 658 severus,

37 679 142 731 desidet
160 680 264 734 insano.
285 677 401 742 Potare,
419 680 445 732 δι
464 679 583 748 spargere
602 677 684 732 flores

39 762 186 832 Incipiam,
205 763 342 832 patiarque
361 764 405 816 vcl
424 763 590 816 inconsultus
609 760 708 814 haberi.
772 771 802 822 υ

38 849 106 914 Quid
126 865 186 908 non
204 848 316 900 ebrietas
335 835 479 918 designet?
497 863 590 916 operta
608 847 737 910 recludit,

38 923 100 1000 Spes
114 929 193 999 jubet
204 929 255 984 eil'e
268 947 350 994 ratas,
362 929 392 984 iri
405 932 501 999 proelia
514 929 597 986 trudit
610 929 755 998 inermem,

38 1015 164 1080 Sollicitis
185 1014 280 1080 animis
300 1032 368 1068 onus
388 1015 502 1080 eximit,
520 1018 629 1070 addocet
648 1032 729 1072 artes.

37 1099 160 1154 Foecundi
181 1102 274 1167 calices
294 1118 373 1170 quem
392 1118 448 1152 non
465 1102 552 1156 fecere
572 1103 727 1158 disertum?

40 1185 180 1238 Contracia
200 1201 280 1254 quem
298 1202 354 1237 non
373 1172 402 1236 iri
419 1201 573 1254 paupertate
591 1189 738 1244 solutum?
769 1198 805 1238 20

37 1271 97 1324 Haec
114 1289 168 1342 ego
187 1287 328 1340 procurare
346 1271 372 1322 &
385 1270 500 1324 idoneus
517 1272 650 1340 imperor,
663 1275 689 1328 dt
699 1287 756 1326 non

38 1357 158 1422 Invitus,
177 1375 210 1410 ne
229 1372 306 1426 turpe
326 1358 414 1418 toral,
431 1373 465 1408 ne
484 1356 587 1410 sordide
605 1375 700 1428 mappa
739 1359 744 1386 ¹

38 1445 170 1512 Corruget
187 1459 263 1494 nates
279 1460 289 1501 ς
307 1458 339 1493 ne
358 1456 414 1492 non
434 1441 461 1491 δι
477 1442 633 1505 cantharus,
650 1445 677 1495 δι
692 1447 756 1500 lanii

38 1527 165 1579 Ostendat
183 1527 230 1580 tibi
250 1543 277 1579 te
292 1544 300 1585 ;
318 1543 350 1578 ne
370 1525 439 1578 fidos
458 1525 528 1578 inter
546 1528 647 1596 etnicos
686 1535 707 1576 .'

37 1613 95 1676 Sit,
113 1613 160 1682 qui
179 1611 246 1666 dista
264 1612 335 1664 foras
355 1611 476 1664 eliminet
491 1631 501 1672 ς
518 1628 547 1665 ut
566 1615 643 1668 co'e'at
660 1635 709 1686 par
766 1629 800 1679 25

38 1699 218 1768 iungaturque
236 1696 303 1764 pari.
321 1697 432 1748 Brutum
448 1697 498 1751 ribi
517 1700 746 1778 Septimiumque,

38 1785 67 1838 Et
85 1783 142 1836 nisi
161 1799 239 1834 coena
257 1781 346 1849 prior,
363 1781 505 1852 potiorque
525 1790 611 1852 puella
629 1789 756 1842 Sabinum

39 1871 163 1931 Detinet,
177 1865 310 1920 affumam.
324 1865 408 1918 Locus
423 1866 459 1918 est
474 1869 631 1937 &pluribus
644 1873 755 1928 umbris.
797 1906 800 1910 ·

40 1957 88 2008 Sed
103 1953 186 2007 nimis
201 1951 270 2004 arcia
286 1965 409 2019 premunt
424 1953 501 2006 olidae
517 1956 647 2020 convivia
661 1973 753 2024 παρτε.
785 1969 793 2004 ε

40 2043 199 2110 Tu,quotus
211 2036 262 2090 effe
273 2037 356 2100 velis,
365 2037 493 2098 rescribe;
505 2041 628 2102 &‚rebus
638 2041 759 2108 omissis,
769 2047 805 2100 3⁰

40 2126 110 2180 Attia
128 2127 280 2180 servantem
297 2119 401 2192 postico
418 2121 479 2176 falle
498 2122 634 2184 clientem.
692 2123 710 2172 Η

346 2381 445 2576 viil
