1916 3602
221 281 289 378 256
364 263 674 370 S‘Arrnntt
702 268 786 356 um

207 405 246 478 'si
257 405 317 476 quis
328 409 360 461 ad
371 407 415 462 illa
423 411 497 464 Deus
508 411 596 464 suhitd
608 428 633 466 te
644 425 715 482 agat,
723 409 806 478 usque
816 399 914 456 recuses:

169 497 201 552 ²5
217 493 270 544 Aut
284 493 344 562 quia
358 510 414 547 nou
426 496 523 562 sentis,
535 500 607 568 quod
620 501 730 559 clamas,
741 493 837 546 reslius
849 484 904 546 esses
944 477 956 515 ⁷²

216 579 270 628 Aut
284 579 346 647 quia
359 597 414 632 non
427 581 519 635 firmus
532 583 631 636 tedium
642 581 774 644 delendis,
785 578 905 637 &haetcss

216 664 400 733 Nequidquam
417 682 497 720 coeno
514 669 622 737 cupiens
639 669 754 721 evellere
769 667 887 732 plantam.
955 657 956 688 ³

216 749 308 801 Romu:
325 767 368 802 tus
386 766 484 820 optas:
500 754 631 806 absentem
648 751 758 804 rusticus
771 751 866 802 Urbem
953 743 956 773 l

216 833 302 886 Tollis
314 837 345 887 ad
355 834 419 888 astra
428 837 507 889 levis.
517 838 545 890 Si
555 839 684 907 nusquam
694 855 724 890 es
734 835 804 890 sorte
814 845 908 884 vocatus
946 829 956 896 ji

169 926 204 980 30
215 920 255 970 Ad
265 925 473 988 coenam‚laudas
484 925 603 978 securum
615 927 817 989 olus‚ac‚velut
823 921 913 989 usquam

215 1007 329 1062 Vinstus
345 1025 403 1073 eas,
416 1009 453 1064 ita
470 1025 496 1063 te
510 1011 615 1064 felicem
630 1012 696 1065 dicis
709 1031 718 1072 ·,
732 1011 866 1078 amesque,

216 1091 297 1158 Qudd
312 1095 440 1164 nusquam
456 1095 505 1149 tibi
521 1098 556 1150 sit
571 1100 728 1166 potandum.
740 1099 754 1152 J
758 1095 844 1148 usserit
856 1089 912 1145 adse

166 1193 170 1203 ¹
216 1178 346 1233 Mecenas
365 1181 450 1234 serum
469 1182 514 1234 sub
532 1182 631 1234 lumina
650 1183 738 1252 prima
757 1180 847 1235 venite

210 1267 369 1319 Convivam
387 1270 522 1320 :Nemon'
534 1270 624 1320 oleum
639 1269 708 1321 seret
726 1267 802 1320 ocius
816 1270 826 1321 ἓ
841 1260 911 1330 ecquis
951 1333 952 1340 ἵ

169 1356 199 1412 35
216 1351 296 1402 Audit
307 1353 317 1403 ἒ
329 1369 389 1403 cum
405 1368 501 1421 magno
516 1354 627 1406 blateras
642 1356 776 1416 clamose,
787 1351 899 1422 iugisque·
948 1359 952 1418 ss

214 1437 328 1490 Milvius
342 1438 486 1502 desciuisse,
497 1437 546 1491 tibi
560 1457 616 1491 non
630 1439 769 1511 referenda
782 1433 886 1507 precati,
950 1439 952 1444 ⁴

214 1522 368 1577 Discedunt.
385 1523 488 1576 Etenim
504 1525 589 1577 fateor
605 1541 666 1588 me,
682 1525 785 1579 dixerit
801 1525 858 1585 ille,

213 1608 284 1659 Duci
301 1623 394 1660 ventre
411 1609 498 1660 levem
513 1625 521 1667 ;
538 1608 628 1660 nasum
643 1608 741 1661 nidore
757 1608 877 1678 supinors
953 1589 956 1619 ³

213 1693 378 1756 Imbecillus,
392 1695 479 1757 iners,
491 1693 514 1746 si
532 1694 595 1763 quid
611 1694 669 1758 vis,
684 1697 767 1759 adde,
782 1692 884 1762 popinu.
948 1687 956 1748 f

148 1822 151 1828 .
166 1789 202 1838 40
213 1779 254 1830 Tu
267 1795 348 1848 quum
360 1778 395 1831 sis
408 1781 479 1847 quod
490 1795 553 1850 ege,
562 1778 717 1832 &fortassis
730 1775 911 1848 nequior‚ultt0
948 1783 956 1837 s

213 1865 340 1917 lnseslere
358 1867 432 1917 velut
451 1865 573 1919 melior?
592 1865 733 1933 verbisque
753 1861 852 1918 decoris

214 1952 354 2004 Obvolvus
372 1949 496 2002 vitium?
514 1949 594 2016 quid,
612 1950 634 2002 si
653 1967 695 2000 me
715 1951 825 2002 stultior·
837 1943 885 2013 ipse

214 2035 374 2106 Quingentis
387 2048 478 2102 empto
490 2034 622 2086 drachmis
635 2029 900 2103 deprenderisitlustr

214 2121 261 2172 Me
273 2123 350 2172 vultu
362 2135 457 2172 terrere
465 2158 472 2182 ,
481 2133 586 2170 manum
597 2117 814 2191 stomachumque
825 2129 912 2174 teneto,
952 2111 956 2162 ζ’

166 2216 200 2268 45
214 2205 303 2268 Dum,
320 2221 377 2273 quae
394 2203 508 2272 Crispini
526 2204 617 2255 docuit
633 2221 676 2256 me
693 2204 809 2270 janitor,
823 2205 878 2256 edo.
953 2243 956 2254 ,

168 2297 170 2299 ’
213 2291 252 2342 Te
271 2290 370 2354 conjux
388 2289 472 2341 aliena
491 2286 577 2354 cupit,
593 2289 759 2344 meretricula
774 2294 891 2343 Davum:
948 2314 956 2352 l

212 2375 306 2428 Peccat
318 2389 377 2427 uter
390 2372 505 2425 nostrfim
519 2389 595 2424 cruce
609 2373 712 2443 dignius
725 2378 737 2428 ‚³
749 2376 815 2428 actis
828 2370 912 2426 ubine

212 2463 314 2514 Natura
334 2459 467 2522 incendit,
487 2459 532 2510 sub
550 2460 624 2535 clara¹
637 2461 704 2510 nuda
722 2463 829 2513 lucerna

214 2549 395 2614 Quaecumque
416 2543 523 2610 excepit
544 2543 671 2612 turgentis
691 2547 802 2598 verbera
820 2539 911 2596 caudes
949 2554 953 2567 '

167 2647 202 2698 50
214 2633 344 2685 Clutiibus
360 2625 405 2681 'aut‘
421 2627 532 2697 agitavit
549 2644 645 2696 equum
659 2629 756 2682 lasciva
771 2629 901 2698 supinum,

213 2715 335 2769 Dimittit
354 2711 604 2780 nequesamosum,
618 2729 705 2781 neque
722 2715 911 2773 sollicitamus
952 2760 954 2769 ,

213 2800 306 2852 Ditiot
325 2813 369 2850 aut
387 2797 479 2849 sotmae
499 2797 618 2848 meliotis
635 2798 714 2864 meiat
733 2798 835 2852 eisdem.

214 2887 271 2950 Tu,
282 2901 362 2953 quum
377 2881 502 2952 proludiis
518 2880 682 2955 insignibus,
693 2888 795 2941 annulo
802 2875 915 2956 equestris
