1960 3606
239 309 462 379 Ltncn
510 305 576 376 11.
701 321 767 392 319

36 418 205 494 hgssflium.
217 427 268 482 sibi
282 431 356 501 quod
370 442 467 484 vactras
481 422 626 494 desumpsit
638 421 769 484 Athenas,

37 511 75 562 Et
92 509 188 564 studiis
203 527 288 568 annos
304 517 405 584 septem
420 513 509 577 dedit,
522 509 692 578 insenuitque

36 591 137 644 Libris
153 594 179 646 δι
194 596 281 660 curis,
294 597 377 652 statui
393 596 552 651 taciturnius
568 592 627 647 exit

38 676 317 758 Plerumque,dtrisu
326 685 456 754 populum
465 680 614 752 quatitahic
622 693 673 748 ego
682 691 770 730 retum

37 761 181 816 Fluciibus
198 766 228 818 in
243 769 355 831 mediis,
368 770 395 822 dr
408 766 605 837 tempestatibus
619 763 716 827 Urbis,
782 765 814 828 85

37 848 138 902 Verba
152 853 218 920 lyras
234 868 338 908 motura
352 856 447 908 sonum
462 850 620 908 conutiiere
634 851 727 920 digner
739 852 750 904 l

36 933 138 988 Frater
152 950 209 988 erat
222 938 315 992 Romae
331 939 446 993 consulti
460 939 567 1003 rhetor,
579 947 609 990 ut
624 939 691 989 alter
785 945 788 952 ⁴

36 1019 166 1074 Alterius
181 1023 302 1078 sermone
318 1039 406 1078 meros
422 1024 524 1076 audiret
537 1023 677 1082 honoresa

38 1105 186 1160 Gracchus
202 1124 232 1162 ut
247 1110 292 1162 hic
307 1109 348 1163 illi
363 1111 451 1176 soret,
462 1108 526 1162 huic
540 1123 571 1161 ut
586 1107 694 1160 Mucius
710 1105 767 1160 ille.

38 1192 102 1257 Qui
123 1192 211 1246 minds
228 1209 337 1264 argutos
353 1207 436 1248 vertat
451 1194 526 1247 sutor
542 1191 588 1246 iste
605 1192 724 1263 postas?
778 1209 815 1262 po

39 1277 172 1330 Carmina
187 1293 340 1350 compono,
353 1277 398 1332 hic
413 1281 523 1350 elegos:
537 1276 656 1330 mirabile
670 1275 750 1340 visu,

38 1364 228 1433 Caelatumque
240 1379 341 1418 novem
349 1359 437 1418 Musis
448 1379 526 1432 opus.
534 1361 629 1430 Aspice
640 1361 768 1430 primdm,

35 1447 157 1512 'Quanto
173 1463 234 1502 cum
251 1448 331 1512 fastu,
345 1463 446 1518 quanto
463 1446 603 1501 molimine
620 1448 734 1500 circum-

37 1532 192 1600 spectemus
207 1547 320 1588 vacuam
334 1533 463 1587 Romanis
478 1532 583 1586 vatibus
599 1533 691 1586 adem.

38 1617 119 1670 Mox
129 1619 217 1681 etiam,
226 1619 250 1674 si
261 1616 332 1672 sorte
342 1618 590 1687 vacas,sequete,&
599 1619 692 1687 procul
704 1617 763 1672 audi
775 1635 808 1687 95

38 1702 119 1767 Quid
129 1704 243 1768 serat,&
251 1720 332 1774 quare
342 1703 395 1757 sibl
405 1702 492 1756 nellat
501 1713 610 1772 uterque
622 1721 759 1760 coronam.

40 1787 196 1852 Caedirnur,
207 1788 353 1842 &totidem
364 1788 449 1858 plagis
460 1787 640 1841 consumimus
650 1788 768 1853 hostem,

40 1871 131 1926 Lento
148 1872 278 1926 Samnites
296 1876 328 1927 ad
345 1875 446 1925 lumina
463 1872 548 1942 prima
564 1874 664 1930 duello.

39 1959 160 2018 Discedo
172 1958 275 2012 Aloeus
291 1957 392 2027 poncio
409 1956 502 2010 illius:
519 1957 565 2010 ille
581 1973 643 2010 meo
659 1957 743 2026 quis?

41 2043 130 2107 Quis,
140 2043 191 2097 nisi
203 2043 379 2097 Callimachus
391 2046 401 2098 l
413 2042 437 2096 si
448 2044 507 2111 plus
519 2043 660 2110 adposcere
670 2043 811 2110 visus,1oo

40 2128 87 2180 Fit
104 2127 294 2192 Mimnermus,
307 2129 334 2180 δι
349 2127 446 2196 optivo
463 2125 624 2196 cognomine
640 2128 744 2185 crescit.

41 2213 132 2267 Multa
146 2215 220 2278 sero,
232 2228 262 2267 ut
277 2215 379 2283 placem
394 2229 476 2282 genus
492 2211 619 2265 irritabile
633 2202 743 2280 iatum,

39 2299 135 2364 Quum
147 2299 249 2364 scribo,
260 2298 287 2351 ἀ
298 2297 411 2367 supplex
424 2298 518 2366 populi
533 2297 654 2370 suffragia
666 2316 757 2371 capto.

39 2385 134 2448 Idem,
149 2382 234 2437 finitis
250 2383 357 2447 studiis,
373 2384 399 2436 lit
414 2398 503 2436 mente
520 2385 643 2454 recepti,
817 2441 820 2450 ,

40 2470 176 2524 Obtutena
191 2472 294 2539 patulas
312 2468 421 2539 impune
436 2470 584 2538 legentibus
602 2483 689 2528 auten
761 2490 806 2542 105

39 2559 171 2613 Ridentur
185 2560 253 2611 mala
270 2557 317 2627 qui
333 2571 500 2628 componunt
515 2560 650 2616 carmina:
665 2564 760 2618 vertitu

41 2647 168 2700 Gaudent
181 2643 340 2708 scribentes,
352 2645 379 2696 dr
388 2645 416 2697 se
428 2660 603 2711 venerantur,
616 2649 643 2702 δι
653 2653 740 2718 ultro,

39 2731 68 2785 Si
84 2746 187 2802 taceas,
201 2731 322 2793 laudant,
333 2729 460 2798 quidquid
474 2729 614 2802 scripsere,
625 2733 705 2790 beati.

41 2818 74 2868 lit
90 2816 137 2886 qui
153 2815 301 2886 legitimum
318 2815 408 2886 cupiet
424 2815 510 2868 fecisse
526 2817 641 2892 posima,

40 2907 108 2964 Cunt
126 2903 221 2958 tabulis
239 2901 357 2956 animum
373 2900 490 2955 censoris
507 2901 592 2955 sumet
607 2901 727 2967 honesti:
756 2917 806 2958 rao

534 2995 562 3050 Ο
580 2996 611 3052 ir
