1916 3602
271 299 506 367 sturm
687 309 749 386 ιη

62 405 129 477 Agros
144 403 215 486 atque
233 417 312 472 Lares
332 418 452 488 patrios,
466 414 659 482 habitandaque
677 410 736 464 fani

113 499 183 567 Apris
201 505 331 576 reliquit,
350 508 375 559 δι
391 505 530 575 rapacibus*
544 501 616 570 lupis
629 501 640 569 )
766 515 803 554 ao

58 579 87 634 1¹0
98 590 166 653 pedes
180 611 355 666 quocumque
367 597 466 657 serent,
479 606 647 664 quorumque
661 604 708 656 per
721 590 802 644 undas

28 683 34 720 ἰ
111 675 190 731 Notus
208 682 344 747 vocabit,
363 696 407 734 aut
425 694 567 748 protervus
586 674 701 729 Asticus.

56 756 86 808 Sic
98 762 174 827 placet
186 767 196 819 ἓ
210 784 245 819 att
260 769 360 821 melius
376 767 436 836 quis
450 765 527 818 habet
540 763 647 816 suadete
660 763 670 814 ἓ
684 759 802 813 Secunda

109 844 194 903 Ratem
214 870 350 924 occupare
370 853 434 922 quid
452 867 587 905 moramur
606 849 669 902 alite
686 851 697 902 l

55 928 90 981 Sed
104 931 215 998 juremus
234 939 265 992 itt
282 941 362 994 ltaec:
378 938 461 991 Simul
480 936 543 990 imis
560 935 622 988 saxa
638 932 756 987 rendrint
769 951 799 1004 25

106 1015 182 1072 Vadis
200 1023 315 1090 levata,
333 1041 366 1078 rte
386 1022 470 1077 redire
489 1022 524 1075 sit
543 1022 639 1081 nesam

53 1093 95 1148 lieu
112 1109 236 1162 conversa
257 1112 370 1164 domurn
389 1110 478 1181 pigeat
497 1110 557 1162 dare
575 1109 681 1171 lintea,
699 1101 805 1174 quando

106 1185 184 1244 Padus
203 1196 311 1251 Matina
330 1199 426 1250 laverit
444 1195 604 1256 cacuminat

53 1261 76 1315 lt
89 1285 150 1326 mate
167 1276 215 1332 seu
234 1283 322 1337 celsus
342 1281 503 1352 procurrerit
520 1281 694 1350 Apenninus,

108 1357 238 1434 Novaque
258 1367 376 1421 monstra
394 1366 512 1434 junxerit
531 1366 642 1419 libidine
772 1375 806 1429 30

20 1482 21 1485 ι
54 1434 118 1494 Mirus
135 1463 234 1512 amora
254 1453 334 1521 juvet
351 1469 382 1506 ut
400 1453 482 1524 tigres
501 1451 634 1504 subsidere
652 1450 757 1516 cervis,

109 1531 280 1592 Adulteretur
300 1541 325 1592 δι
344 1540 467 1593 columba
486 1537 593 1597 miliior

27 1672 28 1686 χ
56 1606 146 1671 Credula
164 1639 215 1677 nec
234 1627 328 1680 fulvos
348 1627 459 1679 timeant
477 1639 596 1678 armenta
613 1626 721 1690 leones,

110 1703 238 1778 donetque
259 1712 323 1764 salsa
340 1712 410 1764 letis
428 1709 517 1764 hirtus
536 1727 652 1779 aequora.

56 1778 103 1836 Hoc
109 1791 221 1864 &quae
236 1814 366 1870 poterunt
381 1797 480 1850 reditus
491 1797 642 1853 abscindere
654 1799 742 1853 dulces
750 1813 803 1869 3,5

26 1862 32 1917 l
104 1874 202 1936 Eamus
223 1883 315 1938 omnis
335 1881 467 1936 exsecrata
487 1882 602 1946 civitas,

56 1951 96 2007 dut
111 1977 166 2026 pars
185 1968 302 2023 indocili
321 1969 417 2022 melior
435 1986 538 2041 grege:
557 1967 647 2022 mollis
668 1969 807 2040 &exspes

68 2045 261 2113 lnonrittats
279 2055 423 2124 perprimat
441 2054 547 2108 rubilia.

24 2119 102 2202 i⁰⁸
109 2137 220 2202 ‚quibus
240 2140 276 2192 est
293 2140 395 2203 virtus,
407 2139 563 2192 muliebrem
582 2141 669 2194 tollite
687 2141 806 2208 lulium,

24 2219 26 2280 ᾗ
114 2219 217 2280 Etrusca
236 2243 332 2297 preter
352 2227 378 2280 δι
396 2227 487 2279 volate
506 2225 606 2280 littora.
771 2245 809 2292 40

25 2294 103 2352 ⁸⁰⁵
120 2321 207 2364 manet
225 2312 348 2366 Oceanus
367 2311 570 2382 circumvagus:
588 2331 670 2379 arva,
685 2316 761 2370 beata

23 2379 25 2468 s
117 2389 235 2452 Petamus
255 2414 335 2463 arva,
353 2396 450 2450 divites
470 2398 496 2448 δι
514 2395 630 2466 insulas,

23 2456 136 2529 lieddit
152 2481 199 2536 ubi
218 2485 341 2537 Cererem
360 2481 465 2534 tellus
458 2499 556 2537 inarata
575 2472 766 2555 quotannis,

21 2547 30 2645 i
117 2561 173 2617 Et'
166 2583 293 2640 imputata
312 2567 391 2620 floret
409 2567 490 2636 usque
509 2569 615 2632 vinea,

21 2658 22 2668 ¹
23 2637 186 2705 Getrninat
206 2655 232 2708 st
251 2669 395 2721 numquam
413 2653 528 2709 fallentis
548 2670 644 2710 termes
664 2658 744 2712 olivae
756 2673 806 2725 ,ις

22 2735 23 2763 l
121 2733 246 2809 suamque
266 2741 337 2806 pulla
355 2737 421 2791 ficus
441 2755 519 2792 ornat
537 2743 667 2798 arborem.

62 2805 128 2870 Mella
145 2839 208 2876 cava
226 2839 333 2878 manant
352 2841 387 2876 ex
405 2823 483 2888 ilice,
501 2827 635 2880 montibus
655 2827 716 2884 altis

121 2904 196 2965 Levis
215 2925 336 2984 crepante
355 2910 466 2982 lympha
484 2912 573 2965 desilit
591 2915 667 2980 pede.

298 3020 301 3028 ¹
542 2997 595 3051 H
588 3015 617 3051 tv
