1922 3598
229 311 299 384 260
371 321 798 398 Sarrnrnurr

180 439 214 478 20
226 436 536 514 Summusego,&ptope
544 436 925 506 meviscusrhurinusninlrl,

226 522 252 572 Si
273 526 510 590 memini,Varius
527 551 534 582 t
552 550 611 584 cum
631 532 747 585 Servilio
766 532 900 584 Balatrone

226 608 366 674 Vibidius,
381 630 449 680 quos
468 616 599 670 Macenas
619 619 761 670 adduxerat
780 617 893 667 umbras.

226 694 410 750 Nomentanus
429 715 484 752 etat
503 701 580 768 super
599 701 706 769 ipsum,
726 699 837 754 Porcius
857 697 926 758 inira,

227 777 362 834 Ridiculus
381 797 452 836 totas
472 785 551 838 simul
570 788 708 840 absorbere
728 789 871 854 placentas.

180 862 212 915 ²5
227 867 409 922 Nomentanus
427 871 458 921 ad
474 873 542 932 hoc,
554 872 618 940 qui,
632 871 656 922 si
672 871 737 940 quid
750 870 821 923 forte
836 873 928 927 lateret,

155 1003 158 1012 ,
225 952 313 1004 Indice
333 953 487 1008 monstraret
506 955 599 1026 digito.
619 957 688 1008 Nam
707 972 794 1010 cetera
813 959 899 1016 rurba,

225 1037 283 1089 Nos
292 1075 299 1100 ,
309 1037 432 1108 inquam,
441 1057 576 1094 coenamus
589 1058 667 1104 aves,
677 1041 838 1111 conchylia,
849 1040 933 1109 pisces,

225 1123 318 1193 Long'e
337 1125 494 1178 dissimilem
514 1140 582 1178 noto
601 1127 713 1179 celantia
732 1127 864 1186 succum,

227 1209 266 1260 Ut
281 1212 329 1262 -vel
349 1209 479 1265 conrinud
498 1210 600 1279 patuit,
614 1229 699 1281 quum
718 1211 845 1281 passeris,
856 1226 921 1280 atque

182 1293 215 1348 30
227 1295 355 1364 lngustata
374 1296 440 1348 milri
458 1311 613 1364 porrexerat
632 1296 678 1348 ilia
697 1296 814 1348 rhombi.

228 1379 289 1431 Post
307 1381 358 1432 hoc
377 1397 419 1432 me
439 1379 528 1433 docuit
547 1379 680 1434 melimela
700 1383 793 1433 rubere
815 1379 931 1434 minoren

229 1463 270 1517 ild
287 1467 376 1518 lunam
395 1465 502 1518 delean.
524 1465 596 1530 Quid
615 1466 667 1518 hoc
686 1465 810 1529 intersit,
822 1468 856 1520 ab
872 1466 919 1534 ipso

230 1550 355 1604 Audieris·
371 1550 474 1604 melitis.
495 1550 564 1602 Tum
584 1550 707 1604 Vibidius
726 1551 885 1609 balatronis
958 1579 959 1606 r

229 1639 305 1700 Nos,
320 1637 373 1690 nisi
391 1633 516 1690 damnose
535 1633 668 1698 bibimus,
683 1635 832 1688 moriemur
851 1633 934 1688 inulti:

184 1718 214 1772 35
229 1721 261 1771 Et
281 1722 376 1774 calices
395 1721 481 1789 poscit
500 1718 624 1784 majores.
640 1721 754 1776 Vertere
773 1723 862 1788 pallor

229 1807 299 1859 Tum
313 1807 423 1859 Parochi
439 1805 548 1863 faciem,
562 1806 601 1857 nil
619 1805 658 1860 sic
674 1805 818 1858 metuentis
833 1821 863 1858 ut
876 1823 936 1858 acres

228 1891 359 1954 Pototes,
375 1893 420 1942 vel
440 1889 511 1958 qudd
529 1890 688 1944 maledicunt
705 1891 836 1954 liberius,
851 1895 895 1944 vel

229 1977 338 2030 Fervida
358 1973 428 2044 qudd
447 1974 540 2028 subtile
559 1976 699 2028 exsurdant
716 1975 782 2028 vina
800 1979 921 2045 palatum.

119 2115 121 2120 ,
230 2065 368 2116 Invertunt
387 2059 534 2128 Alliphanis
553 2061 656 2112 vinaria
674 2075 730 2114 tota

181 2151 218 2201 40
230 2150 352 2202 Vibidius
370 2147 545 2214 Balatroque,
561 2145 679 2214 sequutis
698 2147 824 2202 omnibus
844 2168 852 2203 t
871 2147 915 2203 imi

231 2236 364 2290 Conviva
382 2233 444 2286 lecti
462 2231 575 2284 nihilum
594 2249 708 2286 nocuere
726 2234 841 2305 lagenis.

230 2320 345 2374 Affertur
363 2319 470 2386 squillas
490 2315 559 2367 inter
577 2333 693 2370 murana
711 2333 834 2374 natantes

182 2405 306 2478 lnpatina
313 2403 442 2473 portella.
450 2403 502 2455 Sub
509 2401 563 2452 hoc
571 2403 666 2455 herus:
677 2403 740 2454 Hac
751 2405 876 2472 gravida,
886 2403 953 2472 inquit

233 2495 315 2558 Capra
333 2489 385 2552 est,
402 2487 517 2540 deterior
534 2485 592 2554 post
610 2501 714 2554 partum
734 2505 814 2542 came
832 2491 923 2546 futura.

181 2590 215 2640 45
232 2578 282 2632 His
301 2576 415 2628 mixtum
434 2573 475 2639 jus
495 2571 530 2624 est
549 2574 611 2624 oleo
622 2601 633 2635 ,=
645 2574 717 2640 qnod
734 2574 822 2640 prima
839 2577 939 2630 Venafri

231 2662 329 2716 Pressit
349 2661 437 2718 cella;
457 2674 521 2728 gato
541 2658 572 2707 de
592 2657 674 2710 succis
694 2658 775 2726 piscis
794 2661 886 2724 Iberia

230 2748 304 2803 Vino
324 2741 508 2814 quinquenni,
525 2740 618 2793 venlrrt
637 2742 702 2794 citra
721 2759 795 2797 mare
815 2763 898 2812 nato,

231 2836 305 2888 Dum
315 2825 540 2899 coquitut;codlo
548 2824 643 2878 Chium
653 2827 691 2878 sic
701 2830 886 2894 convenit,ut
894 2851 939 2886 nnn

232 2920 293 2980 lloc
300 2915 382 2988 magis
389 2910 559 2972 ullumaliuds
565 2909 657 2982 pipere
664 2913 939 2986 albo,nonsineaceto,
