2006 3608
208 341 491 418 ‘Lunna
551 345 579 418 l.
714 369 779 448 275

76 449 175 524 Mutus,
187 463 213 516 &
226 465 385 540 (indignum
403 476 475 542 quod
492 473 544 543 sit)
559 472 694 544 peioribus
710 491 783 530 ortus

76 540 122 594 Hic
140 545 187 601 tibi
205 550 240 604 sit
258 555 369 623 potitis,
389 557 467 628 quam
487 573 516 612 tu
534 559 664 612 mirabilis
683 560 733 616 illi.

75 625 202 700 Quidquid
214 635 339 692 subterra
350 641 566 712 esl,inapricum
577 645 695 713 proferet
703 661 765 700 atas
772 665 782 709 ς
814 701 819 708 ,

74 709 203 785 Defodiet,
215 725 364 796 condetque
378 728 498 784 nitentia.
507 731 598 797 Quum
608 732 675 786 bene
687 748 781 790 uotum
794 740 826 798 25

74 795 183 858 Porticus
199 807 343 880 Agrippae,
360 813 386 866 &
402 814 447 868 via
464 831 490 869 te
508 817 677 886 conspexerit
692 821 779 890 Appi,

72 881 106 937 lte
120 903 208 945 tanuen
227 894 303 949 reslat
319 899 406 952 Numa
423 898 476 970 quo
494 900 620 967 devenit,
639 903 665 955 &
680 905 779 962 Ancus.

71 967 176 1030 Silarus
195 991 242 1032 aut
260 997 336 1034 renes
356 986 449 1039 morbo
469 1000 603 1040 tentantur
622 1005 720 1055 acuto,

70 1054 158 1118 Quaere
168 1062 258 1134 fugant
269 1067 417 1122 morbi.Vis
429 1069 498 1124 recle
508 1071 695 1140 viverelQuis
707 1079 780 1130 non?

71 1139 94 1190 Si
112 1143 193 1200 virtus
213 1149 269 1202 hoc
286 1166 338 1204 una
356 1153 442 1221 potest
459 1156 536 1222 dare,
552 1157 631 1211 fortis
650 1160 759 1213 omissis
792 1151 827 1222 36

69 1223 120 1280 Hoc
136 1248 183 1302 age
203 1233 316 1290 deliciis.
332 1237 467 1292 Virtutem
485 1243 566 1295 verba
583 1257 680 1310 puras,
697 1244 735 1302 δι,

70 1309 159 1369 Lucum
176 1317 277 1390 ligna?
297 1337 361 1375 cave
379 1341 413 1376 ne
431 1340 524 1394 portus
545 1341 657 1396 occupet
676 1332 759 1397 alter,

69 1396 104 1450 Ne
122 1401 291 1474 Cibyratica,
309 1423 343 1459 ne
362 1406 474 1478 Bithyna
493 1411 600 1480 negotia
619 1415 721 1480 perdas.

69 1481 138 1539 Mille
151 1493 251 1543 talenta
263 1489 452 1558 rotundentur,
463 1495 575 1548 totidem
587 1497 679 1562 altera,
693 1513 776 1566 porro

67 1568 150 1627 Tertia
165 1576 318 1642 succedant,
330 1577 356 1629 δι
368 1596 426 1648 quae
441 1596 500 1648 pars
517 1582 625 1650 quadret
641 1597 774 1640 acervum.
791 1598 820 1654 35

66 1654 164 1712 Scilicet
177 1677 294 1714 uxorem
309 1680 368 1716 cum
384 1666 461 1729 dote,
471 1664 620 1737 fidemque,
630 1669 657 1721 δι
666 1671 781 1738 amicos,

65 1740 93 1794 Et
110 1762 213 1814 genus,
228 1747 254 1799 &
269 1749 382 1802 sormam
401 1750 491 1818 regina
510 1755 622 1820 pecunia
640 1757 743 1816 donat·‚

65 1827 99 1879 Ac
111 1831 180 1882 bene
195 1847 358 1886 nummatum
371 1836 477 1887 decorat
486 1837 598 1892 'Suadela
608 1841 775 1908 ,venusque

65 1909 203 1984 Mancipiis
220 1917 338 1987 locuples
355 1935 415 1989 eget
430 1919 487 1972 aeris
502 1923 691 1992 Cappadocum
707 1941 774 1978 rex:

65 1997 101 2050 Ne
114 2001 194 2054 suetis
210 2001 253 2054 hic
268 2017 306 2056 tu.
319 2003 476 2073 Chlamydes
489 2005 627 2072 Lucullus,
637 2023 667 2060 ut
681 2007 773 2075 aiunt,
786 2025 822 2076 4ο

64 2083 90 2134 si
108 2087 190 2153 posset
208 2101 315 2140 centum
334 2089 416 2142 scenae
435 2092 550 2159 praebere
569 2107 690 2162 rogatus,

63 2167 819 2246 Qulposlumtot?ait:tamen&quaeram,&quothabebo,

63 2253 174 2311 Mittam.
185 2257 246 2310 Post
260 2256 340 2326 paulo
356 2258 465 2323 scribit,
474 2258 524 2312 sihi
540 2260 623 2313 millia
638 2261 756 2334 quinque

62 2338 113 2393 Esse
121 2343 194 2395 domi
203 2343 370 2412 chlamydum
376 2348 548 2414 ;partcm,vel
556 2349 773 2406 tolleretornncs.

61 2425 141 2480 Exilis
160 2430 256 2481 domus
274 2428 326 2492 esl,
339 2428 385 2482 ubi
402 2445 459 2480 non
476 2431 502 2481 δι
518 2435 599 2485 mttlta
620 2435 771 2504 supersunt,
783 2458 817 2512 45

60 2511 90 2563 Et
108 2513 247 2567 dominum
265 2515 374 2579 fallunt,
387 2514 415 2566 δι
431 2515 543 2583 prosunt
559 2519 668 2576 furibus.
684 2523 754 2594 Ergo

61 2599 144 2654 sires
164 2602 221 2654 sola
239 2601 324 2670 potest
342 2602 429 2655 sacere
449 2603 475 2656 δι
491 2605 594 2660 servate
613 2600 735 2674 beatum,
783 2662 785 2666 ,

61 2685 117 2740 Hoc
127 2687 229 2756 primus
240 2703 342 2756 repetas
353 2701 429 2757 opus,
435 2689 488 2742 hoc
496 2691 642 2758 postremus
653 2695 772 2750 omittas.
791 2767 793 2773 k

59 2771 84 2822 Si
102 2774 266 2826 fortunatum
285 2772 403 2840 species,
419 2775 446 2826 δι
461 2775 543 2845 gratia
561 2778 680 2845 praestat,

59 2856 207 2911 Mercemut
226 2860 349 2920 servum,
367 2857 413 2926 qui
433 2859 512 2912 dictet
530 2861 657 2925 nomina,
675 2865 771 2915 laevum
787 2885 821 2939 50

58 2939 110 3004 Qui
121 2943 220 2998 fodicet
231 2946 312 3006 latus,
322 2942 435 3012 &cogat
445 2957 514 2998 trans
526 2947 643 3014 pondera
652 2949 774 3001 dcxnatn

551 3037 627 3110 Mvj
