1916 3602
242 319 469 393 Llantt
529 321 560 394 1.
681 315 830 395 ''21⁴1.

56 423 128 500 Atqui
145 433 168 490 si
186 438 261 496 vitiis
281 444 461 500 mediocribus
479 462 509 500 ac
527 463 586 502 mea
603 444 695 516 paucis
774 433 810 503 ⁶5

54 518 169 579 Mendosa
187 529 224 582 est
242 547 352 599 natura,
368 534 471 604 alioqui
489 535 560 590 tesia
576 533 671 602 (velut
690 536 714 590 si

53 603 156 678 Egregie
173 613 310 684 inspersos
328 622 468 689 reprendas
488 637 602 689 corpore
620 621 734 689 naevos)

53 690 76 742 si
85 710 167 765 neque
177 702 319 756 avaritiam
327 744 334 769 ,
343 724 429 776 neque
440 707 544 770 sordes,
553 723 598 762 aut
608 711 676 762 mala
686 709 764 768 lustra

6 805 7 826 t
54 775 165 845 Objiciet
180 785 248 839 vete
265 789 403 860 quisquam
415 791 486 854 *mihi
500 811 507 846 t
523 811 619 862 purus,
631 795 658 848 dc
671 795 762 850 insons

52 862 102 929 (Ut
118 885 161 922 rue
181 875 351 942 collaudem)
367 876 390 930 si
410 879 435 930 δι
451 878 519 932 vivo
538 897 613 935 cetus
632 881 743 942 amiciss
775 888 813 938 7ο

6 997 8 1022 ᾖ
53 950 126 1006 Causa
144 955 196 1008 suit
215 973 291 1024 patet
308 961 369 1025 his,
386 963 432 1032 qui
451 981 540 1018 macto
558 983 658 1035 pauper
674 969 764 1038 agello
874 1037 880 1046 ·

6 1025 28 1048 ⁸
52 1035 137 1091 Noluit
156 1041 186 1093 in
205 1043 279 1097 Flavi
298 1048 387 1100 ludum
407 1066 450 1103 me
468 1049 594 1112 mittere,
610 1052 700 1122 magni

52 1119 108 1184 Qud
126 1128 203 1194 pueri
223 1132 324 1200 magnis
344 1149 359 1185 e
378 1135 576 1190 centurionibus
597 1137 671 1202 orti,

56 1203 126 1260 Lero
145 1213 263 1282 suspensi
282 1219 402 1283 loculos,
418 1223 583 1291 tabulamque
603 1225 720 1289 lacerto,
791 1289 794 1296 Α

54 1289 118 1347 Ibant
137 1299 242 1353 ostonis
263 1304 404 1358 reserentes
423 1307 509 1360 Idibus
530 1325 591 1364 aeta.
643 1357 644 1362 ,
667 1299 668 1304 ’
777 1315 809 1368 75

55 1377 98 1433 Sed
107 1401 216 1452 puerum
229 1388 266 1441 est
277 1390 352 1442 ausus
364 1391 475 1444 Romam
488 1410 608 1462 portate,
618 1395 765 1450 docendum

27 1493 31 1506 ι
53 1465 136 1533 Artes,
148 1488 211 1540 quas
232 1475 325 1526 doceat
342 1477 431 1544 quivis
446 1479 548 1546 Eques,
561 1495 639 1548 atque
654 1482 765 1536 Senator

54 1551 134 1607 Semet
149 1573 305 1628 prognatos.
318 1560 437 1626 Vestem,
450 1563 593 1632 servosque
609 1565 747 1634 sequentes

53 1637 78 1689 lu
95 1659 189 1712 magno
209 1661 240 1697 ut
259 1649 361 1715 populo
380 1648 404 1701 si
424 1649 483 1718 quis
502 1650 626 1717 vidisset,
642 1653 715 1707 avitd

52 1723 87 1776 Ex
102 1743 130 1779 te
148 1731 258 1796 praebeti
277 1733 397 1800 sumptus
415 1737 481 1788 milti
498 1739 615 1793 crederet
633 1739 706 1796 illos.
778 1735 813 1786 80

52 1809 104 1876 lpse
123 1815 186 1871 mihi
206 1808 293 1870 custos
313 1817 555 1890 incorruptissimus
575 1843 670 1879 omnes

54 1895 151 1955 Circum
170 1905 292 1958 dosiores
311 1908 407 1961 aderat.
424 1909 495 1976 Quid
513 1915 621 1967 multa?
640 1913 765 1982 pudicum

55 1979 120 2048 (Qui
138 1989 237 2054 primus
253 1991 362 2044 virtutis
377 1994 483 2059 honos)
494 1995 611 2052 servavit
627 2001 658 2052 ab
672 2003 749 2054 omni

52 2067 109 2122 Non
119 2074 201 2128 solum
212 2077 393 2136 sasio‚verism
404 2081 551 2148 opprobrio
564 2100 671 2152 quoque
681 2087 764 2156 turpi;

51 2153 103 2207 Nec
121 2157 224 2225 timuit,
239 2161 291 2215 sibi
309 2179 342 2214 ne
360 2163 432 2215 vitio
451 2164 512 2231 quis
531 2181 663 2234 verteret,
677 2172 744 2226 olim
775 2167 808 2232 85

53 2238 77 2290 Si
94 2257 176 2308 praeco
195 2264 307 2315 parvas,
323 2262 384 2309 aut,
399 2255 431 2298 ut'
447 2247 498 2300 suit
516 2248 588 2316 ipse,
603 2253 724 2320 ceaster,

52 2326 178 2384 Mercedes
187 2333 405 2402 sequereturque
413 2350 464 2402 ego
474 2333 553 2387 effem
563 2339 721 2405 questus.0b
728 2331 780 2397 stoc
789 2355 860 2394 nune

53 2415 111 2472 Laus
128 2420 168 2474 illi
187 2421 311 2481 debetur,
331 2419 358 2470 δι
376 2435 391 2469 a
411 2435 454 2470 nte
473 2419 554 2488 gratia
573 2420 669 2492 major.

51 2503 91 2556 Nil
108 2523 148 2558 me
167 2505 297 2574 poeniteat
316 2505 406 2555 sanum
425 2505 508 2570 patris
526 2508 604 2576 hujus
621 2528 629 2570 ;
647 2511 733 2584 edque
789 2585 796 2592 μ

51 2589 119 2655 Non,
128 2608 158 2645 ut
171 2609 264 2660 magna
278 2593 341 2643 dolo
356 2589 453 2666 fastum
467 2608 545 2662 negat
558 2593 610 2649 effe
625 2597 673 2651 suo
688 2618 762 2667 pars,
772 2607 809 2660 90

52 2675 124 2740 Qudd
137 2695 192 2731 non
205 2678 336 2746 ingenuos
350 2677 443 2728 habeat
456 2679 591 2747 clarosque
603 2698 740 2748 parentes,

53 2758 88 2814 Sic
104 2781 145 2817 me
163 2766 308 2818 defendam.
326 2762 417 2832 Longe
437 2781 495 2818 mea
513 2765 641 2833 discrepat
660 2767 715 2824 istis
737 2793 740 2798 ¹

18 2881 21 2887 -
52 2845 79 2898 Et
94 2867 164 2913 vox,
181 2853 207 2904 &
224 2851 302 2902 ratio.
323 2851 392 2903 Nam
411 2849 434 2900 si
453 2867 544 2903 natura
562 2849 663 2915 juberet

51 2931 159 2999 deestis
177 2935 254 2993 annis
273 2951 361 2989 evum
380 2949 496 2990 remeate
515 2936 671 3008 petasum,
