2006 3608
182 302 252 396 276
326 309 758 384 nrtsrorrrvn

182 425 332 500 Porrigere.
340 430 389 484 Hic
398 433 511 485 multum
523 433 552 485 in
563 432 639 486 Fabia
649 433 734 492 valet,
743 428 788 482 ille
796 423 926 480 Velinai

185 513 301 566 Cuilibet
319 517 364 569 hic
382 518 464 570 fasces
483 518 575 582 dabit,
591 516 737 584 eripietque
757 516 873 576 curule,

186 595 238 650 Cui
250 603 340 664 volet,
353 600 520 670 importunus
534 605 606 656 ebur.
615 602 715 663 Frater,
725 614 811 668 pater,
823 599 899 652 adde
911 614 922 652 t

139 685 169 742 55
183 683 222 736 Ut
235 683 331 752 cuique
344 686 381 738 est
395 703 473 752 retas,
484 689 521 739 ita
533 705 666 756 quemque
681 686 779 740 facetus
794 685 922 752 adopta.»

183 766 212 819 Si
230 769 295 820 bene
315 769 362 838 qui
380 786 486 836 coenat,
502 774 569 824 bene
585 772 656 824 vivit
669 789 678 830 3
691 773 762 823 lucet
772 808 780 832 ,
792 786 894 822 eamus

183 849 249 918 Qui)
267 854 339 906 ducit
358 859 417 926 gula
432 875 442 916 ς
460 858 609 925 piscentur,
624 873 768 919 venemur,
785 869 821 918 ut⁸
835 856 919 910 olim

185 937 339 1008 Gargilius,
353 941 399 1011 qui
416 941 493 994 mane
512 944 600 1010 plagas
612 980 619 1005 ,
631 943 777 1002 venabula,
791 939 896 992 servos
910 980 924 1004 ,

91 1069 95 1084 ,
184 1021 331 1078 Differtum
345 1026 455 1080 transire
470 1027 571 1089 lorum,
584 1028 766 1094 populumque
779 1022 924 1088 jubebat·‚

137 1103 174 1160 6ο
184 1110 262 1163 Unus
281 1125 310 1162 ut
328 1127 343 1162 e
363 1110 476 1174 multis,
490 1113 593 1180 populo
613 1109 760 1180 spetlmte,
776 1109 898 1164 referret

185 1195 310 1262 Emptum
321 1197 408 1248 mulus
418 1179 519 1265 aprum.
528 1194 608 1248 Crudi
618 1194 763 1263 tumidique
772 1196 926 1264 lavemur,

185 1278 259 1346 Quid
277 1281 385 1344 deceat,
401 1281 465 1350 quid
482 1296 556 1342 non,
571 1279 650 1332 obliti
666 1298 674 1338 ·,
692 1279 787 1331 Caerite
805 1280 874 1333 cera

185 1363 288 1433 Digni,
302 1365 443 1436 remigium
460 1364 588 1418 vitiosum
605 1365 747 1418 Ithacensis
762 1365 895 1434 uryffei,

187 1451 239 1506 Cui
257 1451 348 1519 potior
367 1451 452 1522 patrii
469 1452 521 1504 fuit
540 1450 676 1504 interdilla
693 1455 831 1521 voluptas.

139 1533 172 1600 ⁶5
187 1536 233 1599 Si,
246 1537 410 1590 Mimnernus
428 1536 468 1589 uti
485 1537 591 1601 censet,
605 1539 663 1590 sine
677 1553 767 1590 amore
783 1537 924 1610 iocisque

188 1618 233 1674 Nil
252 1620 289 1672 est
306 1619 446 1685 iucundum
460 1639 470 1679 ;
485 1620 562 1672 vivas
581 1619 610 1672 in
627 1638 717 1674 amore
735 1621 874 1692 jocisque.

188 1705 282 1769 Vive,
297 1709 367 1760 vale.
385 1706 414 1758 Si
432 1706 496 1776 quid
513 1703 610 1758 novisti
629 1706 724 1759 retlius
744 1706 818 1772 istis,

190 1790 320 1848 Candidus
339 1791 469 1866 imperti5
486 1790 511 1845 ri
529 1807 602 1855 non,
616 1790 658 1842 his
676 1807 750 1846 utere
768 1809 899 1852 mecum„
