1954 3604
150 307 198 384 ῳ
308 295 714 374 Cauaseum

149 415 188 467 Ut
205 429 265 470 tuto
283 419 316 473 ab
334 422 398 476 atris
418 440 532 494 corpore
550 425 652 495 viperis

148 499 321 569 Dormirem,
336 509 363 558 δι
378 509 448 561 ursis
462 527 473 569 ς
488 525 517 562 ut
535 529 668 580 premeret
686 512 773 568 sect&

184 587 343 658 Lausoque,
362 594 511 663 collataque
530 614 640 666 myrto,

99 679 135 720 ιο
219 675 280 726 Non
300 676 358 728 sine
378 680 427 732 Dis
446 681 582 735 animosus
600 684 699 738 infans.

146 757 255 822 Vester,
275 761 428 830 Camoenae,
446 765 531 819 vester
550 767 579 819 in
597 771 693 822 arduos

145 844 240 898 Tollor
257 848 386 913 Sabinos,
402 851 447 902 seu
466 851 532 906 mihi
551 853 676 924 frigidum

182 931 327 998 Praeneste,
344 936 390 987 seu
406 936 489 989 Tibur
506 938 648 1008 supinum,

217 1019 269 1070 Seu
287 1019 393 1088 liquide
413 1024 534 1090 placuere
552 1024 631 1078 Baiae.

96 1111 128 1167 25
144 1100 246 1155 Vestris
264 1105 380 1158 amicum
398 1107 536 1173 sontibus,
554 1111 580 1161 &
597 1107 683 1162 choris
693 1119 706 1174 ,’

143 1189 208 1241 Nou
226 1206 268 1241 me
287 1190 417 1260 Philippis
437 1195 513 1246 versa
531 1195 601 1248 acies
620 1211 713 1262 retro,

180 1276 289 1328 Devota
308 1294 364 1328 non
382 1278 510 1331 exstinxit
528 1283 626 1344 arbos,

216 1361 271 1413 Nec
290 1361 378 1414 Sicula
397 1363 534 1416 Palinurus
553 1365 632 1419 undi.
720 1391 730 1410 ν

49 1445 61 1480 l
142 1447 295 1517 Utcumque
313 1461 417 1502 mecum
435 1465 487 1503 vos
506 1449 600 1518 eritis,
618 1449 708 1508 libent
765 1487 770 1492 -

96 1534 319 1596 3011nsanientem
338 1536 428 1588 navita
445 1536 595 1606 Bosporum

178 1601 320 1692 Tenebo,
340 1621 486 1674 &arentes
506 1639 599 1676 arenas

213 1706 324 1758 Littoris
345 1705 442 1774 Affyrii
461 1708 560 1760 viator.

141 1789 234 1844 Visam
251 1791 393 1843 Britannos
411 1791 560 1860 hospitibus
578 1794 673 1859 seros,

142 1877 175 1929 Et
193 1878 284 1929 laetum
301 1877 403 1947 equino.
420 1878 545 1948 sanguiue
566 1883 748 1936 Concanum

94 1972 126 2030 35
177 1962 271 2014 Visam
291 1963 454 2029 pharetratos
473 1963 614 2030 Gelonos,

24 2039 27 2047 '
214 2047 247 2098 Et
264 2046 416 2115 Schyticum
435 2046 579 2100 inviolatus
598 2066 715 2110 amnem.

141 2133 202 2186 Vos
223 2133 351 2184 Caesarem
370 2121 472 2196 altuni,
491 2132 589 2185 militiai
608 2137 689 2192 simul

117 2267 119 2271 ,
139 2217 226 2274 Fessus
246 2218 370 2270 cohortes
389 2217 486 2268 abdidit
506 2218 633 2286 oppidis,

178 2302 267 2354 Finire
287 2316 448 2370 querentem
466 2303 572 2356 labores

94 2407 131 2458 4⁰
215 2386 303 2438 Pierio
323 2385 445 2438 recreatis
465 2401 552 2440 antro.

142 2472 202 2524 Vos
221 2475 279 2523 lene
299 2471 445 2525 consilium
463 2472 489 2522 &
506 2472 593 2538 datis,
611 2476 637 2528 &
653 2477 718 2530 dato

143 2556 271 2610 Gaudetis
290 2558 375 2608 almae.
396 2555 498 2608 Scimus
516 2573 546 2608 ut
565 2558 664 2629 impios

178 2643 303 2704 Titanas,
320 2641 514 2708 immanemque
533 2657 669 2710 turmam..

215 2727 335 2780 Fulmine
355 2724 484 2778 sustulerit
503 2729 620 2793 caduco,

94 2840 126 2894 45
144 2814 199 2882 Qui
218 2829 313 2864 terram
333 2810 465 2873 inertem,
483 2811 528 2878 qui
548 2829 618 2866 mare
637 2829 767 2884 temperat

145 2898 314 2961 ventosum.
332 2896 359 2951 &
376 2895 452 2949 urbes
464 2933 475 2960 ,t
490 2911 622 2970 regnaque
641 2901 749 2966 tristias,
