1922 3598
202 277 273 350 206
345 287 775 360 „ln-armanore

150 408 183 464 25
197 401 284 457 Millia
302 416 360 460 tum
377 408 469 476 pransi
487 409 538 464 tria
557 411 689 480 repimus,
702 423 783 478 atque
801 402 898 459 subimus

197 488 357 560 Impositum
376 494 446 549 saxis
465 495 518 549 late
539 498 710 550 candentibus
727 495 828 547 Anxur.

195 575 256 630 Huc
274 595 402 634 venturus
422 599 478 635 erat
495 583 628 638 Maecenas
648 583 787 652 optimus,
801 595 872 648 atque

196 665 347 731 Cocceius,
365 667 441 722 missi
461 670 563 741 magnis
582 673 614 723 de
633 672 710 724 rebus
729 680 837 736 uterque

197 750 308 821 Legati,
323 753 431 808 aversos
449 756 522 810 soliti
542 774 705 826 componere
724 755 834 809 amicos.

150 841 185 897 1⁰
197 837 248 890 Hic
267 838 352 892 oculis
371 856 423 910 ego
442 841 517 911 nigra
536 843 603 896 meis
622 841 736 912 collyria
754 841 840 910 lippus

195 923 310 980 illinere.
329 927 432 980 Interea
450 929 584 982 Maecenas
603 929 732 994 advenit,
750 944 826 998 atque

196 1011 342 1076 Cocceius,
354 1013 504 1084 Capitoque
515 1016 594 1070 simul
605 1016 748 1080 Fonteius,
759 1017 791 1068 ad
800 1027 899 1084 unguem

194 1096 288 1150 Festus
297 1098 571 1164 homo,Antonl‚non
583 1117 612 1154 ut
624 1101 709 1170 magis
720 1103 798 1165 alter,
804 1100 898 1153 amicus.

195 1181 300 1234 Fundos
317 1181 426 1236 Aufidio
445 1184 529 1238 Lusco
549 1171 663 1255 praetore
681 1187 798 1239 libenter

148 1267 179 1323 35
195 1267 371 1336 Linquimus,
390 1269 475 1322 insani
494 1271 609 1326 ridentes
629 1273 739 1342 praemia
758 1273 858 1334 scribat,

194 1351 353 1407 Praetextam
361 1393 368 1418 ,
377 1355 403 1407 δι
411 1357 493 1416 latum
503 1359 609 1411 clavum
616 1398 625 1424 ,
631 1375 776 1428 prunaque
786 1359 900 1412 batillum.

194 1439 226 1490 In
244 1440 439 1494 Mamurrarum
456 1441 518 1495 lassi
537 1444 631 1496 deinde
650 1446 714 1497 urbe
733 1459 879 1506 manemus,

194 1525 307 1578 Murena
327 1528 460 1596 praebente
479 1530 608 1593 domum,
627 1527 760 1598 Capitone
779 1529 891 1582 culinam.

195 1610 300 1664 Postera
318 1613 367 1664 lux
385 1612 471 1665 oritur
488 1613 575 1666 multo
594 1613 765 1684 gratissima:
782 1628 886 1682 namque

147 1701 184 1752 40
195 1695 318 1760 Plotius,
337 1697 363 1749 δι
379 1698 475 1751 Varius
495 1697 618 1751 Sinueslae
631 1738 639 1764 ,
653 1698 832 1769 virgiliusque

196 1782 347 1835 Occurrunt
361 1801 371 1842 3
387 1782 500 1848 anime,
517 1786 607 1852 quales
627 1801 714 1854 neque
732 1783 885 1837 candidior-es

195 1869 277 1921 Terra
292 1868 463 1936 tulit,neque
478 1869 554 1938 queis
570 1887 613 1923 me
629 1870 664 1924 sit
680 1869 902 1924 devinffloralter.

196 1953 223 2008 0
245 1955 292 2024 qui
310 1954 484 2020 complexus,
501 1954 528 2005 &
545 1956 637 2025 gaudia
656 1972 753 2026 quanta
772 1956 885 2012 luenutl

196 2039 242 2092 Nil
261 2057 312 2111 ego
331 2037 489 2092 contulerim
507 2038 624 2107 jucundo
643 2041 720 2094 sanus
739 2043 836 2096 amico.

146 2135 181 2188 45
197 2125 324 2179 Proxima
344 2127 480 2194 Campano
499 2124 578 2194 ponti
598 2141 657 2194 quae
675 2127 770 2180 villula
787 2125 878 2180 tectum

197 2211 325 2275 Praebuit,
335 2212 361 2264 ἃ
370 2209 560 2279 parochi,quae
572 2211 680 2274 debent,
690 2211 764 2284 ligna
774 2213 903 2279 salemque.

197 2297 268 2350 Hinc
286 2297 353 2349 ntuli
372 2298 468 2372 Qapuae
488 2295 600 2348 clitellas
620 2311 741 2365 tempore
760 2310 868 2367 ponunt.

197 2382 295 2435 Lusum
308 2384 329 2434 it
340 2381 642 2444 Maecenas,dormitum
655 2399 706 2452 ego
714 2382 906 2454 ,Virgiliusqurt

178 2453 179 2456 Ἴ
198 2470 319 2536 Namque
338 2466 393 2537 pila
412 2466 493 2536 lippis
511 2466 702 2531 inimicum&
714 2470 805 2522 ludere
820 2465 904 2520 crudis·

153 2567 187 2618 50
199 2555 270 2608 Hinc
290 2571 340 2607 nos
360 2552 468 2606 Cocceii
487 2551 583 2622 recipit
602 2552 756 2621 plenissima
774 2554 855 2614 villa,

162 2669 165 2678 ·
199 2643 267 2707 Quae
280 2642 357 2709 super
368 2638 404 2692 est
415 2637 498 2691 Caudi
510 2640 737 2706 cauponasNunc
749 2639 816 2692 mihi
827 2631 904 2706 paucis

199 2727 330 2780 Sarmenti
349 2726 441 2780 scurrae
461 2741 595 2794 pugnam,
614 2725 749 2795 Messique
769 2721 881 2785 Cicerri,

198 2813 374 2879 Musa,velim
385 2827 532 2869 memorem
541 2811 566 2862 δι
574 2827 629 2880 quo
638 2826 711 2879 patre
721 2825 797 2864 natus
805 2819 903 2875 uterque

199 2899 351 2955 Contulerit
368 2899 439 2954 lites.
458 2895 544 2950 Messi
562 2897 660 2950 clatum
678 2911 761 2966 genus
780 2893 864 2950 Oscis
