1980 3614
88 574 434 664 CARMEN
492 578 730 668 XXVII.

189 734 284 792 An
330 737 637 796 sobrius

250 854 328 914 Inter
338 859 442 937 pocula
460 861 587 920 rixantes.

37 937 212 1059 Nms
233 1006 265 1058 in
285 1011 362 1064 usum
381 1013 481 1066 laetitiae
500 1012 606 1083 scyphis

37 1085 338 1158 Pugnare,Thracum
356 1096 402 1150 est.
423 1099 523 1151 Tollite
542 1099 680 1152 barbarum
772 1159 777 1164 ,

77 1174 216 1238 Morem,
233 1183 468 1251 verecundumque
486 1184 617 1238 Bacchum

122 1261 289 1330 sanguineis
310 1267 450 1332 prohibete
467 1268 544 1321 rixis.

42 1343 128 1399 Vino
147 1347 311 1401 &lucernis
331 1351 426 1403 Medus
447 1352 563 1404 acinaces
813 1353 825 1407 5

42 1430 175 1482 immane
196 1448 326 1499 quantum
346 1433 500 1503 discrepat!
523 1435 639 1504 impium

90 1515 191 1568 Lenite
208 1521 377 1585 clamorem,
396 1520 514 1584 sodales,

124 1602 160 1652 Et
180 1599 275 1655 cubito
294 1621 430 1658 remanete
449 1605 544 1676 presio.

50 1686 147 1740 Vultis
169 1687 259 1739 severi
279 1705 324 1740 me
343 1707 450 1763 quoque
468 1691 570 1743 sumere

49 1770 161 1824 Partem
181 1773 317 1827 Falerni?
336 1774 405 1826 dicat
425 1775 552 1844 Opuntiae

86 1861 187 1912 Frater
205 1856 343 1926 Megfflzr,
361 1874 415 1926 quo
436 1861 526 1912 beatus

128 1944 275 2003 Vulnere,
294 1941 345 2010 qui
364 1957 454 2010 pereat
474 1941 576 2013 sagirtd.

53 2017 147 2082 Cedat
165 2028 297 2080 voluntas
316 2029 327 2079 ἓ
347 2041 403 2078 non
422 2026 473 2079 alii
492 2027 577 2080 bibam

53 2112 200 2166 Mercede.
214 2111 283 2174 Quae
300 2124 326 2161 te
342 2127 455 2178 cumque
472 2113 563 2164 domat
575 2111 688 2188 Venus,
786 2141 791 2148 -

94 2198 161 2248 Non
181 2195 366 2246 erubescendis
386 2193 471 2247 adurit
800 2207 830 2262 ις

131 2278 263 2350 Ignibus,
283 2277 452 2348 ingenuoque
472 2279 576 2348 semper

55 2369 162 2421 Amore
185 2378 289 2430 peccas.
309 2363 444 2432 Quidquid
463 2364 561 2429 habes,
578 2383 642 2436 age,

55 2455 182 2521 Depone
201 2447 265 2499 turis
286 2448 437 2512 auribus...
450 2450 492 2502 Ah
509 2455 515 2503 ἰ
533 2451 612 2504 miser
629 2456 635 2506 !

96 2539 215 2604 Quanta
235 2535 335 2586 labores
355 2532 384 2586 in
404 2534 555 2603 Charybdi,

138 2617 235 2686 Digne
253 2634 318 2685 puer
336 2616 447 2670 meliore
467 2615 572 2672 flammi
591 2624 597 2674 ἔ

61 2711 134 2776 Quae
154 2703 234 2771 saga,
253 2701 313 2770 quis
333 2715 360 2752 te
379 2702 483 2754 solvere
500 2703 627 2757 Thessalis

62 2795 163 2862 Magus
181 2786 295 2838 venenis
312 2788 323 2838 ἓ
341 2783 399 2853 quis
418 2787 520 2854 poterit
538 2780 638 2844 Deus?

99 2877 162 2932 Vix
180 2871 313 2940 illigatum
333 2883 359 2920 te
378 2870 493 2924 triformi

138 2947 254 3032 Pegasus
274 2953 398 3025 expediet
418 2955 564 3012 Chimera.
