1922 3598
254 298 322 394 238
397 307 826 382 Sarrrrrvrr.

192 435 245 492 195
256 425 376 479 Gaudeat
389 445 419 482 ut
430 435 546 501 populus
558 434 654 488 Priami
664 471 671 496 ,
681 431 844 501 Priamusque
854 423 944 478 iniuriat

251 511 300 566 Per
315 531 395 583 quem
412 531 453 569 tot
469 517 581 583 iuvenes
597 520 685 590 patrio
702 535 806 573 caruere
820 507 927 582 sepdcroi

250 601 327 654 Mille
341 601 435 655 ovium
448 603 554 658 insanus
565 606 649 658 morti
660 603 872 672 dedit,inelytun
878 591 935 663 Ulpi

249 687 282 737 Et
293 687 445 740 Menelaum
458 689 510 742 uni
521 707 627 744 mecum
638 692 665 744 se
676 691 795 744 occidere
804 689 906 739 clamans.

249 769 292 822 Tu
305 788 387 840 quum
399 789 449 840 pro
461 774 546 828 vitula
557 775 648 830 statuis
660 779 764 829 dulcem
774 773 861 826 Aulide
870 781 929 820 natam

191 856 322 914 toolme
333 858 559 929 atas,spargisque
570 862 644 915 mola
653 877 745 931 caput,
753 851 931 929 improbetur.

249 942 360 997 Refiium
372 945 453 998 animi
464 948 572 1002 servas?
581 947 737 1016 Quorsum?
746 948 847 1000 Insanus
854 936 934 1013 quideri

249 1025 337 1094 Fecit,
349 1045 431 1100 quum
447 1032 540 1088 stravit
553 1035 624 1091 ferro
638 1039 744 1105 pecus?
758 1033 869 1088 abstinuit
879 1028 919 1080 riu

250 1113 360 1179 Uxore,
371 1117 397 1168 δι
407 1133 502 1186 grato,
514 1121 581 1172 mala
594 1125 679 1173 multa
692 1136 812 1190 precatus
822 1114 907 1168 Atridis.

249 1199 313 1252 Non
327 1201 372 1254 ille
385 1218 430 1254 aut
437 1203 584 1270 Teucrum,
596 1219 641 1258 aut
652 1205 742 1275 ipsum
752 1202 860 1257 violavit
868 1193 928 1265 Ulrit

191 1293 244 1358 ρος
253 1287 353 1340 Verum
369 1305 436 1358 ego,
448 1305 478 1342 ut
493 1291 622 1344 herentes
638 1291 752 1344 adverso
767 1289 852 1342 littore
863 1295 919 1336 navet

249 1373 402 1440 Eriperem‚
420 1377 535 1443 prudens
552 1377 658 1444 placavi
675 1377 802 1446 sanguine
816 1374 897 1427 Divos.

249 1459 353 1527 Nempe
372 1472 439 1523 tuo,
455 1459 563 1514 furiose.
581 1461 664 1524 Meo,
679 1460 726 1515 sed
744 1479 800 1514 uon
816 1456 889 1513 furios
907 1489 913 1505 .

250 1542 306 1608 Qui
324 1543 423 1612 species
442 1545 506 1598 alias
525 1545 615 1610 veris,
632 1547 791 1617 scelerisque
808 1545 903 1599 tumultu

250 1628 399 1682 Permixtas
417 1631 524 1699 capiet,
541 1645 693 1686 commotus
714 1633 847 1686 habebitur
859 1645 868 1689 ς
880 1637 932 1692 arque

186 1711 405 1772 ImroStultitiine
424 1730 511 1780 erret,
529 1716 642 1770 nihilum
661 1717 784 1782 distabit,
799 1731 830 1770 an
845 1713 883 1768 iri.

210 1836 212 1840 -
248 1798 317 1864 Aiax
335 1799 486 1853 immeritos
505 1803 568 1854 dum
587 1801 704 1875 occidit,
720 1803 832 1872 desipit,
844 1811 922 1868 agnon

249 1887 340 1950 Quum
354 1887 468 1953 prudens
481 1887 565 1940 scelus
578 1889 613 1939 ob
624 1887 720 1942 titulos
733 1889 845 1942 admittis
855 1885 932 1938 inanes,

249 1975 306 2025 Stas
316 1971 603 2038 animotupurumest
610 1967 931 2044 vitiotihi,quumtumiduu

249 2058 277 2108 Si
292 2055 352 2124 quis
368 2055 460 2111 redita
476 2056 587 2109 nitidam
603 2056 700 2126 gestare
716 2072 788 2111 amet
803 2069 897 2127 aguam,

188 2144 320 2212 215Huic
339 2142 457 2206 veliem,
472 2155 503 2193 ut
521 2157 626 2211 gnata,
643 2157 717 2210 patet
734 2143 859 2204 ancillas,
871 2147 922 2207 paret

250 2229 361 2292 Pusam,
377 2243 423 2279 aut
440 2227 565 2295 pusillam
583 2229 699 2294 appellet
714 2245 723 2287 3
739 2227 852 2296 fortique
867 2218 932 2274 marito

249 2315 368 2368 Destinet
386 2329 523 2372 uxorem
541 2311 683 2365 interdieta
700 2312 765 2365 huic
783 2327 860 2366 omne
875 2307 937 2360 adm

210 2423 214 2442 =
249 2402 367 2462 Praetor,
386 2399 413 2450 δι
431 2401 463 2450 ad
480 2397 559 2450 sanos
578 2397 653 2451 abeat
672 2399 755 2450 tutela
774 2397 922 2466 propinquos·

250 2487 322 2552 Quid
335 2487 346 2538 i
361 2483 385 2536 si
401 2483 460 2552 quis
477 2496 583 2552 gnatam
600 2499 650 2550 pro
667 2497 739 2536 muta
754 2485 867 2537 devovet
879 2489 934 2546 agna.

184 2571 358 2640 „22olnteger
374 2567 411 2620 eli
428 2567 535 2621 animi?
551 2584 584 2620 ne
600 2567 708 2621 dixeris.
724 2569 795 2639 Ergo
810 2568 853 2620 ubi
865 2575 924 2634 prava

250 2653 384 2719 Stultitia,
395 2654 438 2706 hic
452 2653 553 2706 summa
567 2651 604 2705 est
620 2653 730 2706 insania.
744 2654 800 2720 Qui
814 2653 933 2706 sceleratus·

246 2747 283 2799 ,Ετ
300 2741 415 2797 furiosus
434 2739 494 2792 erit.
514 2739 602 2805 Quem
620 2738 693 2807 cepit
711 2739 797 2792 vitrea
814 2739 893 2796 fama,

234 2832 330 2884 ¹Hunc
347 2822 538 2879 circumtonuit
556 2824 671 2893 gaudens
690 2824 799 2876 Bellona
817 2815 919 2875 cruentis·

249 2915 329 2967 Nunc
345 2927 411 2980 age,
426 2907 558 2963 luxuriam
577 2909 604 2962 δι
619 2910 817 2965 Nomentanum
835 2903 907 2972 arripe
919 2903 941 2946 rt
