<?xml version="1.0" encoding="UTF-8"?>
<!DOCTYPE html PUBLIC "-//W3C//DTD XHTML 1.0 Transitional//EN"
    "http://www.w3.org/TR/xhtml1/DTD/xhtml1-transitional.dtd">
<html xmlns="http://www.w3.org/1999/xhtml" xml:lang="en" lang="en">
 <head>
  <title>
</title>
<meta http-equiv="Content-Type" content="text/html;charset=utf-8" />
  <meta name='ocr-system' content='tesseract 3.04.00' />
  <meta name='ocr-capabilities' content='ocr_page ocr_carea ocr_par ocr_line ocrx_word'/>
</head>
<body>
  <div class='ocr_page' id='page_1' title='image "./quintihoratiifl00prgoog_0257.png"; bbox 0 0 1916 3602; ppageno 0'>
   <div class='ocr_carea' id='block_1_1' title="bbox 201 341 768 434">
    <p class='ocr_par' dir='ltr' id='par_1_1' title="bbox 201 341 768 434">
     <span class='ocr_line' id='line_1_1' title="bbox 201 341 768 434; baseline 0.019 -29"><span class='ocrx_word' id='word_1_1' title='bbox 201 355 270 434; x_wconf 82' lang='lat'>²52</span> <span class='ocrx_word' id='word_1_2' title='bbox 345 341 768 418; x_wconf 64' lang='lat' dir='ltr'>turraboit</span> 
     </span>
    </p>
   </div>
   <div class='ocr_carea' id='block_1_2' title="bbox 149 461 945 3025">
    <p class='ocr_par' dir='ltr' id='par_1_2' title="bbox 200 461 875 541">
     <span class='ocr_line' id='line_1_2' title="bbox 200 461 875 541; baseline 0.009 -25"><span class='ocrx_word' id='word_1_3' title='bbox 200 461 304 529; x_wconf 83' lang='lat' dir='ltr'>Vellet,</span> <span class='ocrx_word' id='word_1_4' title='bbox 321 463 371 519; x_wconf 84' lang='lat' dir='ltr'>iter</span> <span class='ocrx_word' id='word_1_5' title='bbox 388 469 505 537; x_wconf 84' lang='lat' dir='ltr'>faciens,</span> <span class='ocrx_word' id='word_1_6' title='bbox 520 474 547 526; x_wconf 77' lang='grc' dir='ltr'>δι</span> <span class='ocrx_word' id='word_1_7' title='bbox 561 474 605 526; x_wconf 88' lang='lat' dir='ltr'>cui</span> <span class='ocrx_word' id='word_1_8' title='bbox 623 475 778 528; x_wconf 84' lang='lat' dir='ltr'>concredere</span> <span class='ocrx_word' id='word_1_9' title='bbox 796 482 875 541; x_wconf 75' lang='lat' dir='ltr'>nug-as</span> 
     </span>
    </p>

    <p class='ocr_par' dir='ltr' id='par_1_3' title="bbox 162 548 935 625">
     <span class='ocr_line' id='line_1_3' title="bbox 162 548 935 625; baseline 0.003 -24"><span class='ocrx_word' id='word_1_10' title='bbox 162 548 222 602; x_wconf 89' lang='lat' dir='ltr'>Hoc</span> <span class='ocrx_word' id='word_1_11' title='bbox 229 567 324 620; x_wconf 84' lang='lat' dir='ltr'>genus:</span> <span class='ocrx_word' id='word_1_12' title='bbox 333 552 404 607; x_wconf 87' lang='lat' dir='ltr'>Hora</span> <span class='ocrx_word' id='word_1_13' title='bbox 411 573 491 624; x_wconf 83' lang='lat' dir='ltr'>quota</span> <span class='ocrx_word' id='word_1_14' title='bbox 500 557 536 611; x_wconf 79' lang='lat' dir='ltr'>esi</span> <span class='ocrx_word' id='word_1_15' title='bbox 543 562 553 612; x_wconf 78' lang='lat'>,²</span> <span class='ocrx_word' id='word_1_16' title='bbox 560 559 650 612; x_wconf 81' lang='lat' dir='ltr'>Thrax</span> <span class='ocrx_word' id='word_1_17' title='bbox 661 557 696 611; x_wconf 85' lang='lat' dir='ltr'>est</span> <span class='ocrx_word' id='word_1_18' title='bbox 703 557 809 610; x_wconf 79' lang='lat' dir='ltr'>Gallina</span> <span class='ocrx_word' id='word_1_19' title='bbox 817 558 881 625; x_wconf 88' lang='lat' dir='ltr'>Syro</span> <span class='ocrx_word' id='word_1_20' title='bbox 887 550 935 621; x_wconf 81' lang='lat' dir='ltr'>par?</span> 
     </span>
    </p>

    <p class='ocr_par' dir='ltr' id='par_1_4' title="bbox 150 635 895 797">
     <span class='ocr_line' id='line_1_4' title="bbox 150 635 895 713; baseline 0.015 -26"><span class='ocrx_word' id='word_1_21' title='bbox 150 651 184 703; x_wconf 75' lang='lat'>45</span> <span class='ocrx_word' id='word_1_22' title='bbox 199 635 331 690; x_wconf 80' lang='lat' dir='ltr'>Matutine</span> <span class='ocrx_word' id='word_1_23' title='bbox 348 657 440 707; x_wconf 82' lang='lat' dir='ltr'>parum</span> <span class='ocrx_word' id='word_1_24' title='bbox 460 659 550 697; x_wconf 87' lang='lat' dir='ltr'>cautos</span> <span class='ocrx_word' id='word_1_25' title='bbox 569 644 623 710; x_wconf 86' lang='lat' dir='ltr'>jam</span> <span class='ocrx_word' id='word_1_26' title='bbox 641 645 739 713; x_wconf 83' lang='lat' dir='ltr'>frigora</span> <span class='ocrx_word' id='word_1_27' title='bbox 758 643 895 710; x_wconf 83' lang='lat' dir='ltr'>mordent3</span> 
     </span>
     <span class='ocr_line' id='line_1_5' title="bbox 199 721 837 797; baseline 0.013 -26"><span class='ocrx_word' id='word_1_28' title='bbox 199 721 231 772; x_wconf 89' lang='lat' dir='ltr'>Et</span> <span class='ocrx_word' id='word_1_29' title='bbox 250 739 307 790; x_wconf 73' lang='lat' dir='ltr'>qua</span> <span class='ocrx_word' id='word_1_30' title='bbox 327 725 426 778; x_wconf 63' lang='lat' dir='ltr'>rimosi</span> <span class='ocrx_word' id='word_1_31' title='bbox 445 728 513 780; x_wconf 90' lang='lat' dir='ltr'>bene</span> <span class='ocrx_word' id='word_1_32' title='bbox 531 731 701 797; x_wconf 87' lang='lat' dir='ltr'>deponuntur</span> <span class='ocrx_word' id='word_1_33' title='bbox 720 731 748 781; x_wconf 90' lang='lat' dir='ltr'>in</span> <span class='ocrx_word' id='word_1_34' title='bbox 767 745 837 781; x_wconf 88' lang='lat' dir='ltr'>aure.</span> 
     </span>
    </p>

    <p class='ocr_par' dir='ltr' id='par_1_5' title="bbox 198 806 923 1054">
     <span class='ocr_line' id='line_1_6' title="bbox 200 806 923 883; baseline 0.006 -24"><span class='ocrx_word' id='word_1_35' title='bbox 200 806 250 860; x_wconf 86' lang='lat' dir='ltr'>Per</span> <span class='ocrx_word' id='word_1_36' title='bbox 261 823 348 861; x_wconf 91' lang='lat' dir='ltr'>totum</span> <span class='ocrx_word' id='word_1_37' title='bbox 358 813 410 864; x_wconf 87' lang='lat' dir='ltr'>hoc</span> <span class='ocrx_word' id='word_1_38' title='bbox 421 828 525 883; x_wconf 82' lang='lat' dir='ltr'>tempus</span> <span class='ocrx_word' id='word_1_39' title='bbox 536 813 676 880; x_wconf 76' lang='lat' dir='ltr'>subjedlior</span> <span class='ocrx_word' id='word_1_40' title='bbox 688 815 717 866; x_wconf 87' lang='lat' dir='ltr'>&#39;m</span> <span class='ocrx_word' id='word_1_41' title='bbox 729 815 800 868; x_wconf 89' lang='lat' dir='ltr'>diem</span> <span class='ocrx_word' id='word_1_42' title='bbox 812 813 923 866; x_wconf 84' lang='lat' dir='ltr'>&amp;boram</span> 
     </span>
     <span class='ocr_line' id='line_1_7' title="bbox 198 894 801 968; baseline 0.015 -24"><span class='ocrx_word' id='word_1_43' title='bbox 198 894 319 949; x_wconf 80' lang='lat' dir='ltr'>lnvidiae.</span> <span class='ocrx_word' id='word_1_44' title='bbox 338 897 432 952; x_wconf 86' lang='lat' dir='ltr'>Noster</span> <span class='ocrx_word' id='word_1_45' title='bbox 450 902 527 952; x_wconf 82' lang='lat' dir='ltr'>ludos</span> <span class='ocrx_word' id='word_1_46' title='bbox 546 899 709 968; x_wconf 63' lang='lat' dir='ltr'>spoliaverat</span> <span class='ocrx_word' id='word_1_47' title='bbox 728 900 801 964; x_wconf 69' lang='lat' dir='ltr'>und,</span> 
     </span>
     <span class='ocr_line' id='line_1_8' title="bbox 200 979 853 1054; baseline 0.014 -23"><span class='ocrx_word' id='word_1_48' title='bbox 200 979 306 1034; x_wconf 83' lang='lat' dir='ltr'>Luserat</span> <span class='ocrx_word' id='word_1_49' title='bbox 323 982 352 1034; x_wconf 82' lang='lat' dir='ltr'>iu</span> <span class='ocrx_word' id='word_1_50' title='bbox 370 1001 482 1054; x_wconf 82' lang='lat' dir='ltr'>campo,</span> <span class='ocrx_word' id='word_1_51' title='bbox 498 985 619 1038; x_wconf 76' lang='lat' dir='ltr'>Fortuna</span> <span class='ocrx_word' id='word_1_52' title='bbox 639 985 730 1050; x_wconf 81' lang='lat' dir='ltr'>lilius,</span> <span class='ocrx_word' id='word_1_53' title='bbox 749 1003 853 1040; x_wconf 81' lang='lat' dir='ltr'>omnes.</span> 
     </span>
    </p>

    <p class='ocr_par' dir='ltr' id='par_1_6' title="bbox 149 1067 927 1486">
     <span class='ocr_line' id='line_1_9' title="bbox 149 1067 904 1142; baseline 0.009 -27"><span class='ocrx_word' id='word_1_54' title='bbox 149 1078 187 1130; x_wconf 38' lang='lat'>150</span> <span class='ocrx_word' id='word_1_55' title='bbox 198 1067 315 1140; x_wconf 80' lang='lat' dir='ltr'>Frigidus</span> <span class='ocrx_word' id='word_1_56' title='bbox 335 1087 350 1122; x_wconf 85' lang='lat' dir='ltr'>a</span> <span class='ocrx_word' id='word_1_57' title='bbox 368 1070 467 1124; x_wconf 80' lang='lat' dir='ltr'>Rostris</span> <span class='ocrx_word' id='word_1_58' title='bbox 487 1089 576 1126; x_wconf 84' lang='lat' dir='ltr'>manat</span> <span class='ocrx_word' id='word_1_59' title='bbox 594 1091 642 1141; x_wconf 86' lang='lat' dir='ltr'>per</span> <span class='ocrx_word' id='word_1_60' title='bbox 661 1074 780 1142; x_wconf 82' lang='lat' dir='ltr'>compita</span> <span class='ocrx_word' id='word_1_61' title='bbox 800 1086 904 1125; x_wconf 82' lang='lat' dir='ltr'>rumor:</span> 
     </span>
     <span class='ocr_line' id='line_1_10' title="bbox 180 1155 927 1227; baseline -0.007 -17"><span class='ocrx_word' id='word_1_62' title='bbox 180 1155 349 1227; x_wconf 83' lang='lat' dir='ltr'>Quicumque</span> <span class='ocrx_word' id='word_1_63' title='bbox 356 1159 452 1212; x_wconf 84' lang='lat' dir='ltr'>obvius</span> <span class='ocrx_word' id='word_1_64' title='bbox 462 1159 511 1223; x_wconf 86' lang='lat' dir='ltr'>est,</span> <span class='ocrx_word' id='word_1_65' title='bbox 522 1177 564 1212; x_wconf 90' lang='lat' dir='ltr'>me</span> <span class='ocrx_word' id='word_1_66' title='bbox 571 1159 685 1212; x_wconf 86' lang='lat' dir='ltr'>consulit</span> <span class='ocrx_word' id='word_1_67' title='bbox 697 1178 703 1211; x_wconf 91' lang='lat'><strong>:</strong></span> <span class='ocrx_word' id='word_1_68' title='bbox 717 1159 743 1211; x_wconf 93' lang='grc' dir='ltr'>Ο</span> <span class='ocrx_word' id='word_1_69' title='bbox 755 1161 825 1211; x_wconf 84' lang='lat' dir='ltr'>bone</span> <span class='ocrx_word' id='word_1_70' title='bbox 836 1160 899 1226; x_wconf 87' lang='lat' dir='ltr'>(nam</span> <span class='ocrx_word' id='word_1_71' title='bbox 907 1166 927 1204; x_wconf 82' lang='lat' dir='ltr'>te</span> 
     </span>
     <span class='ocr_line' id='line_1_11' title="bbox 200 1241 906 1314; baseline -0.008 -18"><span class='ocrx_word' id='word_1_72' title='bbox 200 1243 367 1308; x_wconf 84' lang='lat' dir='ltr'>Scire‚Deos</span> <span class='ocrx_word' id='word_1_73' title='bbox 379 1244 506 1313; x_wconf 86' lang='lat' dir='ltr'>quoniam</span> <span class='ocrx_word' id='word_1_74' title='bbox 518 1244 629 1313; x_wconf 84' lang='lat' dir='ltr'>propids</span> <span class='ocrx_word' id='word_1_75' title='bbox 640 1245 790 1314; x_wconf 84' lang='lat' dir='ltr'>contingis,</span> <span class='ocrx_word' id='word_1_76' title='bbox 799 1241 906 1312; x_wconf 80' lang='lat' dir='ltr'>oportet)</span> 
     </span>
     <span class='ocr_line' id='line_1_12' title="bbox 202 1328 892 1398; baseline -0.003 -18"><span class='ocrx_word' id='word_1_77' title='bbox 202 1331 273 1381; x_wconf 86' lang='lat' dir='ltr'>Num</span> <span class='ocrx_word' id='word_1_78' title='bbox 288 1328 351 1397; x_wconf 89' lang='lat' dir='ltr'>quid</span> <span class='ocrx_word' id='word_1_79' title='bbox 363 1331 394 1382; x_wconf 88' lang='lat' dir='ltr'>de</span> <span class='ocrx_word' id='word_1_80' title='bbox 406 1330 487 1382; x_wconf 81' lang='lat' dir='ltr'>Dacis</span> <span class='ocrx_word' id='word_1_81' title='bbox 500 1329 591 1382; x_wconf 84' lang='lat' dir='ltr'>audisti</span> <span class='ocrx_word' id='word_1_82' title='bbox 601 1332 613 1382; x_wconf 69' lang='grc' dir='ltr'><strong><em>ἓ</em></strong></span> <span class='ocrx_word' id='word_1_83' title='bbox 623 1329 667 1382; x_wconf 87' lang='lat' dir='ltr'>Nil</span> <span class='ocrx_word' id='word_1_84' title='bbox 679 1330 812 1398; x_wconf 87' lang='lat' dir='ltr'>equidem.</span> <span class='ocrx_word' id='word_1_85' title='bbox 823 1331 858 1381; x_wconf 83' lang='lat' dir='ltr'>Ut</span> <span class='ocrx_word' id='word_1_86' title='bbox 868 1342 892 1378; x_wconf 87' lang='lat' dir='ltr'>tu</span> 
     </span>
     <span class='ocr_line' id='line_1_13' title="bbox 202 1413 906 1486; baseline -0.001 -21"><span class='ocrx_word' id='word_1_87' title='bbox 202 1413 312 1480; x_wconf 81' lang='lat' dir='ltr'>Semper</span> <span class='ocrx_word' id='word_1_88' title='bbox 322 1413 374 1466; x_wconf 85' lang='lat' dir='ltr'>eris</span> <span class='ocrx_word' id='word_1_89' title='bbox 385 1414 485 1466; x_wconf 88' lang='lat' dir='ltr'>derisor</span> <span class='ocrx_word' id='word_1_90' title='bbox 496 1419 501 1468; x_wconf 92' lang='lat'>!</span> <span class='ocrx_word' id='word_1_91' title='bbox 514 1413 549 1466; x_wconf 79' lang='lat' dir='ltr'>At</span> <span class='ocrx_word' id='word_1_92' title='bbox 560 1431 653 1468; x_wconf 86' lang='lat' dir='ltr'>omnes</span> <span class='ocrx_word' id='word_1_93' title='bbox 664 1417 702 1466; x_wconf 91' lang='lat' dir='ltr'>Dl</span> <span class='ocrx_word' id='word_1_94' title='bbox 713 1415 849 1486; x_wconf 73' lang='lat' dir='ltr'>exagireot</span> <span class='ocrx_word' id='word_1_95' title='bbox 858 1429 906 1474; x_wconf 86' lang='lat' dir='ltr'>me,</span> 
     </span>
    </p>

    <p class='ocr_par' dir='ltr' id='par_1_7' title="bbox 156 1496 947 1824">
     <span class='ocr_line' id='line_1_14' title="bbox 156 1496 904 1569; baseline 0.003 -23"><span class='ocrx_word' id='word_1_96' title='bbox 156 1506 186 1559; x_wconf 71' lang='lat'>55</span> <span class='ocrx_word' id='word_1_97' title='bbox 200 1496 227 1548; x_wconf 90' lang='lat' dir='ltr'>Si</span> <span class='ocrx_word' id='word_1_98' title='bbox 242 1497 394 1567; x_wconf 83' lang='lat' dir='ltr'>quidquam.</span> <span class='ocrx_word' id='word_1_99' title='bbox 402 1498 631 1566; x_wconf 76' lang='lat' dir='ltr'>Quidimiliribus</span> <span class='ocrx_word' id='word_1_100' title='bbox 644 1500 770 1568; x_wconf 83' lang='lat' dir='ltr'>promissa</span> <span class='ocrx_word' id='word_1_101' title='bbox 776 1496 904 1569; x_wconf 76' lang='lat' dir='ltr'>Triquetrd</span> 
     </span>
     <span class='ocr_line' id='line_1_15' title="bbox 198 1583 866 1649; baseline 0.006 -15"><span class='ocrx_word' id='word_1_102' title='bbox 198 1583 297 1636; x_wconf 74' lang='lat' dir='ltr'>Praedia</span> <span class='ocrx_word' id='word_1_103' title='bbox 314 1583 416 1649; x_wconf 70' lang='lat' dir='ltr'>Cesar,</span> <span class='ocrx_word' id='word_1_104' title='bbox 435 1601 468 1636; x_wconf 85' lang='lat' dir='ltr'>an</span> <span class='ocrx_word' id='word_1_105' title='bbox 486 1584 522 1637; x_wconf 85' lang='lat' dir='ltr'>est</span> <span class='ocrx_word' id='word_1_106' title='bbox 541 1584 605 1637; x_wconf 72' lang='lat' dir='ltr'>ltall</span> <span class='ocrx_word' id='word_1_107' title='bbox 624 1587 718 1638; x_wconf 88' lang='lat' dir='ltr'>tellure</span> <span class='ocrx_word' id='word_1_108' title='bbox 738 1589 866 1639; x_wconf 83' lang='lat' dir='ltr'>daturus?</span> 
     </span>
     <span class='ocr_line' id='line_1_16' title="bbox 198 1667 890 1732; baseline -0.007 -8"><span class='ocrx_word' id='word_1_109' title='bbox 198 1667 335 1724; x_wconf 81' lang='lat' dir='ltr'>Jutaotem</span> <span class='ocrx_word' id='word_1_110' title='bbox 353 1685 397 1721; x_wconf 86' lang='lat' dir='ltr'>me</span> <span class='ocrx_word' id='word_1_111' title='bbox 416 1668 482 1722; x_wconf 88' lang='lat' dir='ltr'>scire</span> <span class='ocrx_word' id='word_1_112' title='bbox 501 1669 588 1732; x_wconf 86' lang='lat' dir='ltr'>nihil,</span> <span class='ocrx_word' id='word_1_113' title='bbox 605 1669 754 1732; x_wconf 85' lang='lat' dir='ltr'>mirantur,</span> <span class='ocrx_word' id='word_1_114' title='bbox 769 1685 799 1721; x_wconf 91' lang='lat' dir='ltr'>ut</span> <span class='ocrx_word' id='word_1_115' title='bbox 816 1683 890 1721; x_wconf 86' lang='lat' dir='ltr'>unum</span> 
     </span>
     <span class='ocr_line' id='line_1_17' title="bbox 199 1753 819 1824; baseline 0.005 -18"><span class='ocrx_word' id='word_1_116' title='bbox 199 1753 307 1807; x_wconf 83' lang='lat' dir='ltr'>Scilicet</span> <span class='ocrx_word' id='word_1_117' title='bbox 324 1753 423 1824; x_wconf 83' lang='lat' dir='ltr'>egregii</span> <span class='ocrx_word' id='word_1_118' title='bbox 443 1757 583 1807; x_wconf 83' lang='lat' dir='ltr'>mortalem</span> <span class='ocrx_word' id='word_1_119' title='bbox 602 1755 701 1824; x_wconf 85' lang='lat' dir='ltr'>altique</span> <span class='ocrx_word' id='word_1_120' title='bbox 720 1754 819 1810; x_wconf 80' lang='lat' dir='ltr'>silenti.</span> 
     </span>
    </p>

    <p class='ocr_par' dir='ltr' id='par_1_8' title="bbox 154 1835 946 1937">
     <span class='ocr_line' id='line_1_18' title="bbox 154 1837 903 1904; baseline -0.009 -9"><span class='ocrx_word' id='word_1_121' title='bbox 154 1863 156 1868; x_wconf 60' lang='lat'><strong><em>¹</em></strong></span> <span class='ocrx_word' id='word_1_122' title='bbox 200 1840 321 1894; x_wconf 87' lang='lat' dir='ltr'>Perditur</span> <span class='ocrx_word' id='word_1_123' title='bbox 334 1841 390 1892; x_wconf 83' lang='lat' dir='ltr'>haec</span> <span class='ocrx_word' id='word_1_124' title='bbox 406 1839 587 1892; x_wconf 87' lang='lat' dir='ltr'>intermisero</span> <span class='ocrx_word' id='word_1_125' title='bbox 604 1842 665 1904; x_wconf 75' lang='lat' dir='ltr'>lux,</span> <span class='ocrx_word' id='word_1_126' title='bbox 678 1858 734 1893; x_wconf 89' lang='lat' dir='ltr'>non</span> <span class='ocrx_word' id='word_1_127' title='bbox 752 1841 808 1893; x_wconf 86' lang='lat' dir='ltr'>sine</span> <span class='ocrx_word' id='word_1_128' title='bbox 822 1837 903 1892; x_wconf 82' lang='lat' dir='ltr'>voris:</span> 
     </span>
    </p>

    <p class='ocr_par' dir='ltr' id='par_1_9' title="bbox 151 1922 945 2337">
     <span class='ocr_line' id='line_1_19' title="bbox 151 1922 908 1995; baseline -0.009 -15"><span class='ocrx_word' id='word_1_129' title='bbox 151 1925 188 1980; x_wconf 81' lang='lat'>60</span> <span class='ocrx_word' id='word_1_130' title='bbox 200 1924 226 1977; x_wconf 93' lang='grc' dir='ltr'>Ο</span> <span class='ocrx_word' id='word_1_131' title='bbox 237 1943 281 1976; x_wconf 89' lang='lat' dir='ltr'>tus</span> <span class='ocrx_word' id='word_1_132' title='bbox 290 1925 408 1992; x_wconf 82' lang='lat' dir='ltr'>lquaodo</span> <span class='ocrx_word' id='word_1_133' title='bbox 418 1941 470 1994; x_wconf 88' lang='lat' dir='ltr'>ego</span> <span class='ocrx_word' id='word_1_134' title='bbox 479 1939 505 1977; x_wconf 91' lang='lat' dir='ltr'>te</span> <span class='ocrx_word' id='word_1_135' title='bbox 516 1925 821 1995; x_wconf 77' lang='lat' dir='ltr'>aspiciamlquandoque</span> <span class='ocrx_word' id='word_1_136' title='bbox 829 1922 908 1977; x_wconf 77' lang='lat' dir='ltr'>licebit</span> 
     </span>
     <span class='ocr_line' id='line_1_20' title="bbox 198 2001 945 2083; baseline -0.008 -18"><span class='ocrx_word' id='word_1_137' title='bbox 198 2005 925 2072; x_wconf 76' lang='lat' dir='ltr'>Nuncveterumribrls,nuncsomno&amp;inertibushoris‚·</span> <span class='ocrx_word' id='word_1_138' title='bbox 944 2001 945 2083; x_wconf 64' lang='lat' dir='ltr'>l</span> 
     </span>
     <span class='ocr_line' id='line_1_21' title="bbox 198 2095 944 2168; baseline 0.001 -20"><span class='ocrx_word' id='word_1_139' title='bbox 198 2097 305 2149; x_wconf 90' lang='lat' dir='ltr'>Ducere</span> <span class='ocrx_word' id='word_1_140' title='bbox 324 2095 444 2149; x_wconf 71' lang='lat' dir='ltr'>sollicite</span> <span class='ocrx_word' id='word_1_141' title='bbox 464 2095 577 2162; x_wconf 82' lang='lat' dir='ltr'>jucunda</span> <span class='ocrx_word' id='word_1_142' title='bbox 596 2097 696 2148; x_wconf 84' lang='lat' dir='ltr'>oblivia</span> <span class='ocrx_word' id='word_1_143' title='bbox 714 2098 778 2149; x_wconf 76' lang='lat' dir='ltr'>vite</span> <span class='ocrx_word' id='word_1_144' title='bbox 797 2101 808 2150; x_wconf 76' lang='grc' dir='ltr'><strong><em>ἓ</em></strong></span> <span class='ocrx_word' id='word_1_145' title='bbox 943 2161 944 2168; x_wconf 14' lang='lat'>¹</span> 
     </span>
     <span class='ocr_line' id='line_1_22' title="bbox 200 2169 944 2251; baseline -0.008 -17"><span class='ocrx_word' id='word_1_146' title='bbox 200 2181 227 2234; x_wconf 94' lang='lat'><em>0</em></span> <span class='ocrx_word' id='word_1_147' title='bbox 246 2184 351 2250; x_wconf 86' lang='lat' dir='ltr'>quando</span> <span class='ocrx_word' id='word_1_148' title='bbox 370 2181 427 2234; x_wconf 85' lang='lat' dir='ltr'>faba</span> <span class='ocrx_word' id='word_1_149' title='bbox 446 2181 602 2250; x_wconf 76' lang='lat' dir='ltr'>Pythagorae</span> <span class='ocrx_word' id='word_1_150' title='bbox 622 2197 751 2251; x_wconf 83' lang='lat' dir='ltr'>cognata,</span> <span class='ocrx_word' id='word_1_151' title='bbox 768 2179 888 2249; x_wconf 85' lang='lat' dir='ltr'>simulque</span> <span class='ocrx_word' id='word_1_152' title='bbox 943 2169 944 2229; x_wconf 87' lang='lat' dir='ltr'>l</span> 
     </span>
     <span class='ocr_line' id='line_1_23' title="bbox 200 2267 874 2337; baseline -0.004 -17"><span class='ocrx_word' id='word_1_153' title='bbox 200 2268 285 2320; x_wconf 68' lang='lat' dir='ltr'>Unda</span> <span class='ocrx_word' id='word_1_154' title='bbox 304 2268 366 2320; x_wconf 87' lang='lat' dir='ltr'>sacis</span> <span class='ocrx_word' id='word_1_155' title='bbox 384 2267 477 2337; x_wconf 83' lang='lat' dir='ltr'>pingui</span> <span class='ocrx_word' id='word_1_156' title='bbox 496 2281 630 2334; x_wconf 85' lang='lat' dir='ltr'>ponentur</span> <span class='ocrx_word' id='word_1_157' title='bbox 648 2267 765 2318; x_wconf 84' lang='lat' dir='ltr'>oluscula</span> <span class='ocrx_word' id='word_1_158' title='bbox 784 2267 874 2319; x_wconf 82' lang='lat' dir='ltr'>lardo?</span> 
     </span>
    </p>

    <p class='ocr_par' dir='ltr' id='par_1_10' title="bbox 151 2349 943 2766">
     <span class='ocr_line' id='line_1_24' title="bbox 151 2349 943 2421; baseline -0.008 -16"><span class='ocrx_word' id='word_1_159' title='bbox 151 2353 185 2421; x_wconf 76' lang='lat'>65</span> <span class='ocrx_word' id='word_1_160' title='bbox 201 2353 226 2406; x_wconf 96' lang='lat'>0</span> <span class='ocrx_word' id='word_1_161' title='bbox 240 2353 331 2405; x_wconf 68' lang='lat' dir='ltr'>nobles</span> <span class='ocrx_word' id='word_1_162' title='bbox 344 2369 480 2421; x_wconf 81' lang='lat' dir='ltr'>coenaeque</span> <span class='ocrx_word' id='word_1_163' title='bbox 492 2351 596 2404; x_wconf 78' lang='lat' dir='ltr'>Derim!</span> <span class='ocrx_word' id='word_1_164' title='bbox 609 2351 703 2418; x_wconf 88' lang='lat' dir='ltr'>quibus</span> <span class='ocrx_word' id='word_1_165' title='bbox 716 2353 785 2420; x_wconf 83' lang='lat' dir='ltr'>ipse,</span> <span class='ocrx_word' id='word_1_166' title='bbox 796 2352 902 2418; x_wconf 85' lang='lat' dir='ltr'>meique,</span> <span class='ocrx_word' id='word_1_167' title='bbox 942 2349 943 2377; x_wconf 68' lang='lat' dir='ltr'>r</span> 
     </span>
     <span class='ocr_line' id='line_1_25' title="bbox 200 2436 903 2507; baseline -0.014 -15"><span class='ocrx_word' id='word_1_168' title='bbox 200 2440 268 2492; x_wconf 84' lang='lat' dir='ltr'>Ante</span> <span class='ocrx_word' id='word_1_169' title='bbox 277 2440 368 2492; x_wconf 75' lang='lat' dir='ltr'>barem</span> <span class='ocrx_word' id='word_1_170' title='bbox 378 2437 515 2507; x_wconf 88' lang='lat' dir='ltr'>proprium</span> <span class='ocrx_word' id='word_1_171' title='bbox 524 2437 632 2494; x_wconf 85' lang='lat' dir='ltr'>vescor;</span> <span class='ocrx_word' id='word_1_172' title='bbox 641 2436 785 2504; x_wconf 87' lang='lat' dir='ltr'>vernasque</span> <span class='ocrx_word' id='word_1_173' title='bbox 794 2447 903 2504; x_wconf 83' lang='lat' dir='ltr'>procaces</span> 
     </span>
     <span class='ocr_line' id='line_1_26' title="bbox 200 2507 942 2591; baseline -0.003 -13"><span class='ocrx_word' id='word_1_174' title='bbox 200 2525 281 2578; x_wconf 88' lang='lat' dir='ltr'>Pasco</span> <span class='ocrx_word' id='word_1_175' title='bbox 299 2523 387 2576; x_wconf 84' lang='lat' dir='ltr'>libatis</span> <span class='ocrx_word' id='word_1_176' title='bbox 406 2523 524 2591; x_wconf 83' lang='lat' dir='ltr'>dapibus.</span> <span class='ocrx_word' id='word_1_177' title='bbox 541 2522 623 2573; x_wconf 90' lang='lat' dir='ltr'>Prout</span> <span class='ocrx_word' id='word_1_178' title='bbox 640 2521 735 2589; x_wconf 89' lang='lat' dir='ltr'>cuique</span> <span class='ocrx_word' id='word_1_179' title='bbox 754 2523 834 2575; x_wconf 89' lang='lat' dir='ltr'>libido</span> <span class='ocrx_word' id='word_1_180' title='bbox 851 2517 895 2576; x_wconf 69' lang='lat' dir='ltr'>est,</span> <span class='ocrx_word' id='word_1_181' title='bbox 941 2507 942 2523; x_wconf 40' lang='lat'>¹</span> 
     </span>
     <span class='ocr_line' id='line_1_27' title="bbox 201 2605 837 2677; baseline -0.008 -14"><span class='ocrx_word' id='word_1_182' title='bbox 201 2611 289 2664; x_wconf 85' lang='lat' dir='ltr'>Siccat</span> <span class='ocrx_word' id='word_1_183' title='bbox 308 2609 450 2677; x_wconf 65' lang='lat' dir='ltr'>inequales</span> <span class='ocrx_word' id='word_1_184' title='bbox 469 2607 562 2660; x_wconf 85' lang='lat' dir='ltr'>calices</span> <span class='ocrx_word' id='word_1_185' title='bbox 582 2605 719 2670; x_wconf 84' lang='lat' dir='ltr'>conviva,</span> <span class='ocrx_word' id='word_1_186' title='bbox 738 2607 837 2660; x_wconf 87' lang='lat' dir='ltr'>solutus</span> 
     </span>
     <span class='ocr_line' id='line_1_28' title="bbox 201 2691 864 2766; baseline -0.003 -20"><span class='ocrx_word' id='word_1_187' title='bbox 201 2695 314 2766; x_wconf 80' lang='lat' dir='ltr'>Legibus</span> <span class='ocrx_word' id='word_1_188' title='bbox 333 2693 429 2758; x_wconf 65' lang='lat' dir='ltr'>insanis</span> <span class='ocrx_word' id='word_1_189' title='bbox 447 2711 455 2752; x_wconf 67' lang='grc' dir='ltr'><strong><em>ς</em></strong></span> <span class='ocrx_word' id='word_1_190' title='bbox 474 2694 519 2744; x_wconf 88' lang='lat' dir='ltr'>seu</span> <span class='ocrx_word' id='word_1_191' title='bbox 539 2693 598 2761; x_wconf 88' lang='lat' dir='ltr'>quis</span> <span class='ocrx_word' id='word_1_192' title='bbox 617 2691 687 2760; x_wconf 85' lang='lat' dir='ltr'>capit</span> <span class='ocrx_word' id='word_1_193' title='bbox 705 2695 774 2746; x_wconf 89' lang='lat' dir='ltr'>acria</span> <span class='ocrx_word' id='word_1_194' title='bbox 792 2691 864 2747; x_wconf 80' lang='lat' dir='ltr'>fortis</span> 
     </span>
    </p>

    <p class='ocr_par' dir='ltr' id='par_1_11' title="bbox 153 2776 940 2927">
     <span class='ocr_line' id='line_1_29' title="bbox 153 2776 940 2851; baseline -0.005 -17"><span class='ocrx_word' id='word_1_195' title='bbox 153 2801 189 2851; x_wconf 80' lang='lat'>70</span> <span class='ocrx_word' id='word_1_196' title='bbox 200 2783 316 2845; x_wconf 84' lang='lat' dir='ltr'>Pocula,</span> <span class='ocrx_word' id='word_1_197' title='bbox 334 2781 378 2832; x_wconf 85' lang='lat' dir='ltr'>seu</span> <span class='ocrx_word' id='word_1_198' title='bbox 397 2777 509 2830; x_wconf 85' lang='lat' dir='ltr'>modicis</span> <span class='ocrx_word' id='word_1_199' title='bbox 528 2777 629 2829; x_wconf 86' lang='lat' dir='ltr'>uvescit</span> <span class='ocrx_word' id='word_1_200' title='bbox 648 2776 743 2830; x_wconf 81' lang='lat' dir='ltr'>laeriirs.</span> <span class='ocrx_word' id='word_1_201' title='bbox 765 2781 832 2848; x_wconf 84' lang='lat' dir='ltr'>Ergo</span> <span class='ocrx_word' id='word_1_202' title='bbox 939 2803 940 2812; x_wconf 49' lang='lat'>1</span> 
     </span>
     <span class='ocr_line' id='line_1_30' title="bbox 203 2858 901 2927; baseline -0.003 -9"><span class='ocrx_word' id='word_1_203' title='bbox 203 2869 295 2920; x_wconf 87' lang='lat' dir='ltr'>Sermo</span> <span class='ocrx_word' id='word_1_204' title='bbox 312 2867 397 2919; x_wconf 83' lang='lat' dir='ltr'>oritur</span> <span class='ocrx_word' id='word_1_205' title='bbox 414 2882 469 2917; x_wconf 88' lang='lat' dir='ltr'>non</span> <span class='ocrx_word' id='word_1_206' title='bbox 485 2865 517 2915; x_wconf 88' lang='lat' dir='ltr'>de</span> <span class='ocrx_word' id='word_1_207' title='bbox 532 2862 605 2914; x_wconf 85' lang='lat' dir='ltr'>villis</span> <span class='ocrx_word' id='word_1_208' title='bbox 615 2902 623 2927; x_wconf 88' lang='lat'><strong>‚</strong></span> <span class='ocrx_word' id='word_1_209' title='bbox 633 2863 792 2916; x_wconf 86' lang='lat' dir='ltr'>domibusve</span> <span class='ocrx_word' id='word_1_210' title='bbox 804 2858 901 2916; x_wconf 69' lang='lat' dir='ltr'>alieuisl</span> 
     </span>
    </p>

    <p class='ocr_par' dir='ltr' id='par_1_12' title="bbox 181 2933 939 3025">
     <span class='ocr_line' id='line_1_31' title="bbox 181 2933 939 3025; baseline -0.008 -19"><span class='ocrx_word' id='word_1_211' title='bbox 181 2947 237 3013; x_wconf 71' lang='lat' dir='ltr'>Noc</span> <span class='ocrx_word' id='word_1_212' title='bbox 245 2949 322 3018; x_wconf 70' lang='lat' dir='ltr'>mal‘e,</span> <span class='ocrx_word' id='word_1_213' title='bbox 333 2965 415 3004; x_wconf 84' lang='lat' dir='ltr'>necne</span> <span class='ocrx_word' id='word_1_214' title='bbox 423 2950 509 3019; x_wconf 71' lang='lat' dir='ltr'>Lepos</span> <span class='ocrx_word' id='word_1_215' title='bbox 519 2948 593 3002; x_wconf 80' lang='lat' dir='ltr'>salter</span> <span class='ocrx_word' id='word_1_216' title='bbox 600 2965 609 3010; x_wconf 73' lang='grc' dir='ltr'><strong>ς</strong></span> <span class='ocrx_word' id='word_1_217' title='bbox 621 2949 673 3015; x_wconf 84' lang='lat' dir='ltr'>sed,</span> <span class='ocrx_word' id='word_1_218' title='bbox 682 2951 753 3020; x_wconf 86' lang='lat' dir='ltr'>quod</span> <span class='ocrx_word' id='word_1_219' title='bbox 761 2952 841 3025; x_wconf 82' lang='lat' dir='ltr'>magis</span> <span class='ocrx_word' id='word_1_220' title='bbox 850 2949 919 3004; x_wconf 72' lang='lat' dir='ltr'>adro</span> <span class='ocrx_word' id='word_1_221' title='bbox 938 2933 939 2962; x_wconf 64' lang='lat'>³</span> 
     </span>
    </p>
   </div>
   <div class='ocr_carea' id='block_1_3' title="bbox 0 0 962 3602">
    <p class='ocr_par' dir='ltr' id='par_1_13' title="bbox 0 0 962 3602">
     <span class='ocr_line' id='line_1_32' title="bbox 0 0 962 3602; baseline 0 1"><span class='ocrx_word' id='word_1_222' title='bbox 0 0 962 3602; x_wconf 95' lang='lat' dir='ltr'> </span> 
     </span>
    </p>
   </div>
  </div>
 </body>
</html>
