1916 3602
193 285 410 360 Lrnan
473 289 501 359 l.
645 281 711 377 189

39 402 155 460 Ummidius
168 411 266 479 quidam
279 412 354 482 (non
365 415 444 483 longa
455 411 490 466 est
501 409 603 477 sabula)
615 406 708 471 dives,
727 417 759 472 95
804 391 819 408 ⁸

37 489 64 542 Ut
78 494 193 548 metiretur
209 515 335 552 nummos
352 518 362 560 3
379 499 417 552 ita
434 497 573 560 sordidus,
590 509 621 547 ut
640 493 666 547 se

36 575 81 627 Nou
96 596 204 650 umquam
223 585 303 637 servo
322 586 417 639 melius
436 583 543 637 vestiret
560 601 568 643 ;
586 581 718 650 adusque

34 661 159 729 Supremum
177 683 300 738 tempus,
320 687 353 722 ne
371 671 398 722 se
419 669 527 737 penuria
546 667 633 720 visists

36 746 190 817 Opprimeret,
202 758 358 810 metuebat:
375 771 401 808 at
419 757 489 810 hunc
507 756 599 808 liberta
618 751 701 807 securi

35 829 112 888 Divisit
128 840 258 903 medium,
277 842 426 894 fortissima
441 842 661 911 Tyndaridarum.
719 854 769 892 too

35 917 87 980 Quid
96 925 128 974 ml
137 923 215 994 igitur
223 926 318 979 suades
327 931 337 982 l
347 945 375 978 ut
384 927 476 979 vivam
486 926 619 980 Manius?
629 942 673 978 aut
682 924 723 976 sic

33 1003 58 1054 Ut
72 1008 240 1066 Nomentanus
256 1016 267 1066 ἓ
285 1013 377 1082 Pergis
396 1013 538 1082 pugnantia
558 1013 646 1066 seeum

33 1087 144 1148 Frontibus
158 1098 277 1151 adversis
293 1115 465 1167 componere.
476 1099 540 1150 Non
551 1115 602 1168 ego
615 1112 725 1150 avarum

19 1249 20 1252 Ἴ
34 1175 101 1239 Quum
110 1199 168 1234 veto
179 1199 205 1236 te
216 1183 290 1247 fieri,
298 1201 413 1252 vappam
424 1183 503 1249 jubeo
515 1200 544 1236 ac
553 1185 725 1236 nebulonem.

33 1259 63 1310 ll
76 1262 134 1317 iuter
146 1269 257 1320 Tanaim
275 1268 400 1338 quiddam
414 1269 588 1338 socerumque
601 1269 704 1322 Viselli.
726 1283 772 1336 105

34 1345 63 1397 Eli
76 1354 157 1406 modus
176 1355 205 1407 in
223 1357 326 1417 rebus,
345 1354 404 1406 sunt
422 1354 488 1406 certi
507 1354 621 1422 denique
640 1351 727 1419 fines,

33 1430 90 1495 Quor
106 1437 168 1490 ultra
187 1440 310 1509 citraque
330 1438 422 1507 nequit
441 1437 582 1491 consistere
600 1438 708 1496 redium.

35 1514 96 1587 Illuc,
109 1527 173 1578 unde
191 1526 270 1590 abii,
287 1525 386 1577 redeo..
396 1523 511 1576 Nemon'
525 1539 554 1576 ut
572 1542 667 1579 avarus
716 1591 719 1597 Ι

35 1602 57 1654 Se
70 1612 170 1676 probet,
182 1629 213 1666 ac
232 1609 327 1680 potitis
346 1610 433 1662 laudet
450 1610 554 1682 diversa
573 1611 729 1679 sequentes?
747 1631 752 1636 ·

35 1689 141 1764 Quodque
159 1699 189 1750 a't⁴
201 1712 246 1750 :na
268 1697 370 1764 capella
387 1710 460 1763 gerat
478 1695 613 1750 distentius
631 1699 708 1764 uber,
729 1711 780 1750 110

35 1775 159 1837 labescat?
178 1799 268 1852 neque
289 1781 316 1832 se
334 1777 430 1845 majori
449 1781 638 1849 pauperiorum

29 1857 107 1920 ‘Turba
117 1869 352 1940 comparetlhunc
362 1879 439 1935 atque
448 1867 517 1920 bunc
528 1869 649 1936 superare
658 1869 780 1922 laboret?

35 1947 66 2000 Sit
80 1953 206 2008 festinanti
227 1955 333 2020 semper
351 1949 512 2020 locupletior
531 1952 635 2013 obllat;

33 2034 73 2097 Ut.
83 2057 159 2108 quum
172 2037 323 2096 carceribus
337 2034 427 2089 missos
440 2035 510 2105 rapit
522 2039 621 2106 ungula
635 2054 736 2104 curtus,

35 2119 95 2176 lullae
111 2129 186 2197 equis
206 2125 300 2195 auriga
318 2123 379 2176 suos
397 2122 582 2187 vincentibus,
595 2123 670 2176 illum
735 2141 781 2194 115

37 2203 181 2266 Preterltum
200 2226 325 2264 temnens
345 2222 479 2260 extremos
499 2207 703 2265 intereuntem.

36 2292 85 2348 lude
101 2296 130 2351 fit
148 2313 178 2351 ut
198 2295 282 2361 τιτὸ,
298 2294 344 2364 qui
362 2293 389 2346 se
407 2291 503 2345 vixisse
521 2294 625 2348 beatum

19 2371 116 2448 'Dicam
133 2385 159 2437 δι
176 2381 273 2438 exauo
294 2392 435 2432 contentus
454 2393 575 2447 tempore
593 2381 657 2434 vitae

38 2466 122 2534 Cedat,
135 2470 177 2524 uti
196 2466 316 2522 conviva
334 2463 419 2522 satur,
434 2463 548 2530 reperire
567 2483 703 2536 queamus.

38 2549 86 2604 Jam
102 2556 162 2609 satis
182 2553 220 2609 est
234 2572 242 2607 t
258 2569 292 2605 ne
312 2565 355 2601 me
374 2546 490 2635 Crispipi
509 2547 604 2602 scrinia
623 2552 691 2622 lippi
742 2572 792 2613 120

40 2638 190 2711 compilasse
206 2652 301 2710 putes,
315 2635 426 2688 verbum
441 2649 498 2688 nou
513 2635 625 2706 amplius
642 2639 742 2696 addam.

321 2783 457 2853 Μ
