1916 3602
196 287 262 362 188
337 300 780 377 SAauaAavM

166 411 317 472 5Sordidus
335 434 365 472 ac
383 420 478 487 dives,
490 426 587 494 populi
604 440 788 480 contemnere
806 434 886 474 voces

191 499 235 553 Sic
251 503 362 558 solitus:
373 506 493 574 Populus
506 527 549 564 me
563 511 671 572 sibilat,
681 525 711 564 at
726 507 798 562 mihi
811 502 903 575 plaudo

190 586 249 656 Ipse
259 590 332 642 domi
340 631 348 655 ,
357 591 436 645 simul
448 611 478 647 ac
487 613 613 649 nummos
626 597 807 663 contemplor
819 591 847 643 iu
858 601 916 639 arca.

191 675 318 728 Tantalus
338 694 352 730 a
371 679 450 732 labris
469 680 564 734 sitiens
583 681 720 754 fugientia
739 689 831 748 captat

192 759 354 816 Flumina...
366 763 440 830 Quid
458 765 527 820 rides
543 771 553 821 ἒ
570 784 676 821 mutato
698 765 836 825 nomine,
849 759 880 811 de
894 768 917 805 te

145 855 180 904 70
192 846 286 898 Fabula
305 863 432 904 narratur.
453 851 592 922 Congestis
610 853 736 924 undique
757 848 843 902 saccis

193 931 324 986 indormis
344 934 468 1000 inhians,
485 938 512 990 δι
528 952 663 1010 tamquam
685 952 802 1007 parcere
821 930 893 985 sacris

196 1019 327 1089 Cogeris,
343 1036 388 1074 aut
406 1021 485 1091 piffls
505 1039 640 1094 tamquam
660 1026 784 1095 gaudere
805 1013 908 1071 tabellis.

195 1105 286 1158 Nescis
299 1103 354 1175 quo
365 1109 452 1160 valeat
462 1125 587 1162 nummus
595 1112 605 1164 ἓ
613 1127 698 1179 quern
707 1097 916 1178 praebearusum?

195 1191 273 1245 Panis
294 1208 412 1257 ematur,
432 1197 511 1258 olus,
528 1195 587 1247 viui
606 1195 744 1248 sextarius
761 1211 771 1252 3
792 1189 870 1249 adde·

148 1289 180 1341 75
197 1276 281 1344 Queis
300 1278 415 1330 humana
435 1278 485 1331 sibi
503 1281 592 1332 doleat
611 1295 708 1333 natura
729 1273 847 1346 negatis·

196 1365 239 1415 An
254 1361 365 1433 vigilare
381 1379 455 1416 metu
471 1365 638 1431 exanimem,
651 1365 805 1433 nostesque
819 1353 913 1423 diesque
941 1434 942 1437 Ἴ

196 1449 349 1502 formidare
368 1452 453 1502 malos
472 1450 562 1514 fures,
577 1452 724 1516 incendia,
743 1449 857 1506 servos,

198 1536 239 1588 Ne
259 1549 286 1588 te
304 1534 451 1603 compilent
469 1536 619 1608 fugientes,
633 1539 686 1591 hoc
706 1538 788 1606 juvat
802 1536 813 1587 i
829 1531 910 1582 horum
941 1545 942 1548 ’

200 1621 310 1690 Semper
320 1638 371 1692 ego
385 1621 501 1697 optarim
515 1623 700 1692 pauperrimus
714 1623 771 1677 effe
783 1622 912 1674 bonorum.

153 1709 188 1761 8ο
201 1709 236 1760 At
255 1707 279 1760 si
290 1691 437 1761 'condoluit
455 1723 584 1761 tentatum
603 1709 703 1780 frigore
724 1722 842 1775 corpus,

201 1797 255 1846 Aut
274 1791 339 1846 alius
360 1794 433 1847 casus
452 1793 522 1847 lecto
542 1809 569 1846 te
588 1795 688 1858 affixit,
707 1796 792 1848 habes
811 1784 854 1858 qui

201 1879 338 1944 Assideat,
349 1881 468 1934 fomenta
486 1893 578 1947 paret,
593 1880 726 1935 medicum
746 1889 839 1946 roget,
852 1881 877 1920 ut
890 1879 910 1913 ¹⁶
934 1939 941 1948 ,Ἴ

203 1965 334 2029 Suscitet,
349 1981 379 2019 ac
398 1965 486 2018 reddat
504 1964 573 2017 naris
592 1964 710 2034 carisque
729 1951 890 2033 propinquis·

204 2053 268 2104 Non
287 2067 356 2105 uxor
375 2050 476 2108 salvum
496 2064 522 2105 te
542 2052 619 2114 vult,
637 2067 693 2108 non
712 2050 787 2108 filius
804 2064 811 2098 ι
831 2048 908 2094 omnes

145 2137 189 2199 '85
205 2135 301 2190 Vicini*
314 2137 446 2197 oderunt,
465 2133 543 2198 nori,
563 2135 639 2204 pueri
658 2151 738 2206 atque
757 2133 857 2203 puella.
940 2133 941 2200 J

207 2221 328 2284 Miraris,
343 2237 424 2290 quum
442 2234 472 2272 tu
490 2233 600 2290 argento
619 2219 677 2287 post
695 2218 787 2278 omnia
805 2223 894 2284 ponas,
940 2217 941 2220 ’

207 2307 236 2360 Si
248 2323 328 2358 nemo
340 2304 460 2374 praestet,
472 2321 551 2373 quem
565 2321 621 2357 non
633 2307 774 2368 merearis,
785 2285 905 2358 amorem?

207 2396 250 2447 An
269 2392 292 2446 si
313 2407 463 2461 cognatos,
481 2393 557 2444 nullo
576 2391 675 2449 Natura
693 2393 784 2444 labore
813 2443 815 2446 ,

209 2480 286 2550 Quos
301 2477 350 2530 tibi
365 2478 423 2538 dat,
435 2476 547 2528 retinere
560 2475 628 2528 velis
642 2476 798 2545 servareque
811 2463 904 2522 amicos,

163 2577 198 2630 oo
209 2564 306 2618 Infelix
325 2578 433 2630 operam
451 2561 544 2628 perdas
561 2578 570 2620 ς
587 2575 615 2620 ur
634 2561 658 2614 si
677 2562 736 2631 quis
755 2559 856 2614 asellum
939 2607 940 2632 ,

210 2654 242 2705 ln
261 2665 356 2718 campo
376 2648 468 2704 doceat
485 2660 622 2714 parentem
641 2663 744 2704 currere
763 2639 858 2700 frenis?
939 2647 940 2656 ¹

211 2736 334 2804 Denique
344 2734 379 2786 sit
388 2731 450 2785 finis
460 2730 748 2802 quaerendiaquumque
756 2732 842 2786 habeas
849 2719 900 2789 pluo

213 2821 368 2890 Pauperiem
388 2832 488 2870 metuas
508 2814 619 2876 minum
638 2816 756 2872 &finire
774 2815 876 2870 laborem

213 2906 341 2978 Incipias,
354 2917 431 2978 parto
451 2903 524 2975 quod
541 2903 636 2958 avebas
650 2921 658 2960 a
673 2920 722 2962 nec
739 2901 815 2964 facias
831 2883 888 2964 qwd
