2006 3608
301 339 522 411 L1nnn
581 338 611 408 1.
750 357 820 429 299

98 459 176 512 Dum
191 461 251 512 vttlt
265 458 373 516 libertas
389 479 462 516 mera
477 462 546 527 dici,
557 475 673 530 veraque
688 457 785 513 virtus.

98 544 199 596 Virtus
210 544 246 597 est
257 547 375 600 medium
385 547 530 614 vitiorum,
539 549 565 600 δι
574 546 705 616 utrimque
714 544 859 604 redusium.

99 631 179 681 Alter
190 628 219 681 iu
228 631 385 701 obsequium
396 637 455 702 plus
467 652 545 704 aequo
556 651 673 703 pronus,
685 633 712 685 δι
723 631 771 685 imi
836 637 869 677 ¹0

101 714 217 768 Derisor
230 715 310 782 leui,
324 718 362 771 sic
375 733 468 772 nutum
483 720 575 774 divitis
587 721 694 783 horret,

101 799 148 854 Sic
163 799 242 854 iterat
256 819 355 867 voces,
368 804 395 856 δι
406 807 489 858 verba
503 805 622 858 cadentia
635 796 723 869 tollit,

101 889 142 940 Ut
156 903 268 954 puerum
284 889 356 943 savo
372 893 459 944 credas
474 892 567 946 distata
584 892 707 963 magistro

102 973 240 1038 Reddere,
250 975 296 1026 vel
311 991 398 1042 partes
413 977 525 1030 mimum
540 977 649 1031 trastare
663 978 797 1030 secundas.

103 1059 181 1110 Alter
194 1058 296 1112 rixatur
310 1063 342 1113 de
356 1062 416 1114 lana
429 1063 497 1131 saepe
512 1065 636 1132 caprina:
838 1067 869 1120 15

104 1143 259 1213 Propugnat
273 1145 351 1215 nugis
366 1161 481 1200 armatus
493 1165 500 1198 τ
512 1147 634 1212 Scilicet,
645 1162 675 1200 ut
689 1163 747 1200 non

105 1227 147 1280 Sir
158 1228 224 1280 mihi
235 1227 320 1298 prima
331 1229 413 1296 fides,
424 1232 451 1283 δι
459 1231 523 1286 vere
535 1233 608 1302 quod
619 1235 719 1302 placet,
728 1246 759 1285 ut
769 1247 826 1284 non

105 1313 210 1366 Acriter
222 1316 331 1368 elatrem
341 1355 348 1380 ‚
360 1317 474 1384 pretium
491 1334 552 1370 aeras
569 1321 650 1372 altera
664 1318 761 1372 sordet.

106 1400 520 1471 Ambigirurquidenimlcastor
527 1403 747 1467 sciat,anDocilis
755 1405 825 1473 plus:

105 1485 277 1538 Brundisium
289 1485 391 1538 Minuci
405 1487 498 1540 melitis
510 1487 555 1540 via
567 1489 658 1552 ducat,
669 1505 702 1540 an
712 1489 792 1559 Appi.
837 1501 874 1540 ιο

107 1571 196 1637 Quem
207 1571 333 1623 damnosa
340 1571 528 1642 Venus,quem
538 1589 657 1644 preceps
668 1577 726 1628 alea
736 1579 827 1642 nudat,

108 1657 206 1711 Gloria
222 1673 301 1725 quem
316 1656 392 1724 supra
406 1657 478 1710 vires
494 1659 521 1710 δι
532 1657 626 1723 vestit,
639 1661 664 1712 &
675 1661 772 1731 ungita

106 1743 199 1808 Quem
216 1755 288 1794 tenet
301 1745 403 1811 argenti
419 1741 477 1795 sitis
494 1742 647 1811 importuna
660 1745 809 1813 famesque,

107 1831 201 1896 Quem
216 1830 374 1896 paupertatis
391 1829 475 1894 pudor
491 1829 517 1880 δι
529 1829 589 1900 suga
599 1849 609 1891 3
620 1831 696 1884 dives
711 1831 827 1894 amicus,

107 1917 187 1984 Saepe
202 1915 291 1967 decem
305 1913 383 1966 vitiis
398 1911 562 1981 instruffim,
575 1917 649 1980 odit,
662 1917 688 1969 δι
699 1917 809 1970 horret:
841 1929 873 1986 25

106 2001 177 2063 Aut,
189 1998 213 2052 si
228 2016 284 2052 non
298 1998 369 2062 odit,
381 1997 467 2069 regin
479 2017 523 2062 ac,
535 2001 622 2052 veluti
635 1999 680 2067 pia
694 2016 793 2063 mater,

107 2085 173 2140 Plus
188 2081 266 2153 quim
281 2083 307 2135 se
321 2083 425 2150 sapere,
437 2084 463 2135 δι
473 2085 617 2135 virtutibus
631 2083 682 2136 esse
694 2086 812 2162 priorem

108 2167 180 2220 Vult
190 2187 197 2227 ς
209 2169 236 2221 dn
246 2167 283 2221 ait
294 2167 379 2236 prop'e
391 2184 454 2220 vera
466 2187 473 2220 e
485 2169 554 2220 Meae
564 2207 572 2232 ‚
584 2171 743 2224 contendere
756 2173 830 2240 noli,

107 2253 255 2308 stultitiam
270 2253 406 2322 patiuntur
420 2269 501 2323 opes,
513 2252 563 2306 ribi
578 2257 688 2322 parvula
703 2273 744 2310 res
759 2258 803 2311 est.

106 2337 189 2404 Arda
202 2340 276 2392 decet
288 2338 379 2390 sanum
393 2338 519 2391 comitem
531 2355 609 2410 toga:
622 2340 711 2396 desine
724 2361 829 2400 mecum
845 2361 880 2416 30

109 2427 229 2479 Cet-tare.
242 2425 396 2492 Eutrapelus
406 2462 415 2488 ,
424 2423 582 2493 cuicumque
597 2442 695 2481 nocere
707 2433 831 2496 volebat,

108 2509 278 2564 Vestimenta
292 2510 367 2562 dabat
382 2507 507 2576 pretiosa.
520 2509 614 2563 Beatus
629 2514 701 2566 enirn
716 2514 769 2578 iant

110 2599 183 2650 Cum
194 2595 310 2664 pulchris
322 2593 418 2646 tunicis
429 2593 513 2646 sumet
523 2611 594 2650 nova
604 2599 717 2652 consilia
728 2601 754 2652 &
763 2599 836 2668 spes;

108 2680 241 2738 Dormiet
256 2679 284 2732 in
298 2682 404 2737 lucem3
419 2679 507 2733 scorto
520 2681 662 2750 postponet
675 2685 814 2738 honestum
907 2750 909 2755 ,

99 2765 244 2820 Officium
256 2781 265 2826 ς
277 2781 400 2816 nummos
415 2764 517 2818 alienos
531 2767 641 2832 pascet3
655 2769 687 2818 ad
702 2769 784 2821 imum
845 2765 877 2848 3'5
955 2777 971 2847 .'

112 2851 208 2904 Thrax
223 2848 291 2912 erit,
304 2863 348 2900 aut
364 2848 470 2901 olitoris
487 2865 546 2918 aget
563 2853 682 2904 mercede
698 2855 833 2911 caballum.

117 2935 255 2993 Arcanum
268 2949 355 3005 neque
369 2947 398 2986 tu
413 2933 565 2988 scrutaberis
581 2934 653 2988 illius
668 2954 811 3009 umquam,

625 3030 650 3082 N
667 3029 696 3098 vj
