2006 3608
187 323 259 398 300
330 311 757 382 Errsrosunvrr

186 427 413 502 commissumque
429 450 502 505 teges
517 436 543 488 δι
556 436 623 487 vino
638 448 723 486 tortus
739 433 766 485 δι
779 428 819 484 ira
834 447 847 484 τ
900 441 903 448 ’

184 511 242 564 Nec
252 530 297 566 tua
307 517 423 571 laudabis
434 519 530 583 studia,
542 534 587 572 aut
597 519 681 572 aliena
693 518 835 586 reprendes
846 531 860 576 a

135 613 173 664 40
185 597 254 661 Nec,
267 616 348 670 quum
362 603 454 656 venari
469 607 544 657 volet
558 606 619 667 ille,
632 604 753 672 podmata
767 617 884 670 panges.

186 683 279 736 Gratia
294 686 331 738 sic
344 686 453 740 fratrum
469 688 637 757 geminorum
650 686 811 755 Amphionis
823 699 908 754 atque

182 767 262 821 Zethi
276 771 390 824 dissiluit
401 791 412 832 l
425 775 509 826 donec
522 772 639 841 suspecta
653 773 746 825 severo

183 855 323 909 Conticuit
337 859 405 928 lyra.
420 856 669 912 Fraterniscessisse
684 872 795 927 putatur

183 943 305 999 Moribus
318 947 454 1016 Amphion
469 964 476 997 r
491 962 520 1000 tu
536 948 597 999 cede
613 945 732 1014 potentis
748 943 831 998 amici

134 1041 167 1099 45
183 1028 297 1085 Lenibus
312 1031 431 1101 imperiis
443 1051 451 1091 ι
465 1031 620 1100 quotiesque
636 1032 727 1082 educet
741 1029 770 1081 in
785 1045 872 1098 agros

182 1115 282 1170 AEtolis
299 1133 408 1170 onerata
424 1117 508 1186 plagis
524 1114 660 1182 jumenta,
672 1114 819 1182 canesque,

182 1202 280 1271 Surge,
293 1204 319 1254 bt
332 1204 480 1256 inhumanae
495 1201 596 1253 senium
611 1204 715 1269 depone
729 1200 892 1267 Camoenae,

183 1289 282 1340 Coenes
299 1303 328 1340 ut
342 1289 440 1356 pariter
453 1290 587 1357 pulmenta
600 1286 733 1339 laboribus
748 1287 864 1352 empta,

181 1373 311 1426 Romanis
327 1374 435 1426 solenne
448 1373 515 1426 viris
529 1389 612 1440 opus,
625 1371 691 1422 utile
704 1371 796 1434 sarnae,

136 1468 171 1528 50
182 1457 304 1534 Vitaeque
317 1460 343 1511 δι
352 1458 494 1516 membris3
507 1455 651 1525 praesertim
663 1471 744 1523 quum
755 1457 865 1520 valeas,
879 1459 909 1509 δι

180 1544 234 1598 Vel
250 1545 326 1597 cursu
341 1546 461 1613 superare
476 1542 639 1605 canem,·vel
651 1539 754 1593 viribus
768 1557 867 1608 aprum

179 1629 280 1684 Possis.
293 1632 381 1694 Adde,
392 1629 482 1682 virilia
496 1626 567 1697 quod
581 1625 728 1694 speciosius
742 1643 818 1678 arma

179 1717 244 1768 Non
259 1713 295 1767 est
311 1715 356 1784 qui
372 1715 472 1768 tradet,
489 1714 550 1766 Scis·
561 1729 615 1780 quo
630 1715 745 1764 clamore
761 1728 876 1774 corona¹

181 1800 279 1854 Proelia
295 1801 417 1854 sustineas
433 1799 592 1870 campestria.
607 1796 729 1865 Denique
745 1797 849 1854 saevam

136 1899 169 1954 ῖς
182 1885 307 1940 Militiam
322 1903 405 1955 puer,
418 1887 444 1938 δι
457 1883 612 1938 Cantabrica
627 1884 693 1935 bella
708 1882 789 1934 tulisti

180 1974 234 2025 Sub
249 1974 331 2036 duce,
345 1971 390 2040 qui
407 1969 513 2038 templis
528 1967 684 2020 Parthorum
699 1966 773 2036 signa
790 1969 911 2040 refixit,

179 2057 212 2110 Et
227 2075 313 2122 nunc,
325 2055 348 2109 si
364 2055 427 2126 quid
441 2052 528 2116 abest,
539 2051 611 2104 Italis
626 2050 754 2118 adjudicat
770 2055 867 2110 armis.

178 2143 234 2206 Ac,
245 2160 279 2195 ne
294 2157 320 2195 te
334 2142 466 2204 retrahas,
478 2139 504 2190 δι
516 2135 701 2188 inexcusabilis
717 2138 805 2202 absis,

179 2227 311 2292 Quamvis
327 2226 366 2280 nil
379 2242 454 2280 extra
468 2239 606 2278 numerum
620 2220 706 2274 secisse
721 2225 896 2297 modumque

130 2316 168 2370 ιο
181 2312 280 2375 Cures,
291 2312 426 2365 interdum
437 2308 544 2378 nugaris
559 2324 618 2359 rure
633 2321 755 2374 paterno.

177 2395 292 2451 Partitur
306 2399 399 2451 lintres
414 2395 547 2450 exercitus
561 2411 569 2452 3
583 2391 658 2444 Auia
672 2409 776 2462 pugna,

176 2483 217 2536 Te
233 2484 311 2545 duce,
324 2500 371 2552 per
385 2499 481 2550 pueros
496 2477 585 2547 hostili
601 2493 676 2528 more
691 2477 828 2534 refertur:

175 2566 347 2618 Adversarius
364 2565 399 2618 est
417 2567 518 2623 sratera
536 2566 622 2622 lacus,
634 2560 734 2622 Adriar
750 2564 847 2620 donee

175 2651 340 2703 Alterutrum
352 2651 437 2702 velox
447 2647 569 2700 Vieioria
582 2647 674 2698 fronde
689 2661 817 2702 coronet.

127 2747 160 2818 ‘l
178 2735 332 2789 Consentire
347 2736 404 2789 suis
415 2734 565 2808 studiishqui
581 2731 718 2785 crediderit
734 2747 776 2797 te,

147 2839 149 2844 ·
175 2825 272 2876 Fautor
287 2837 399 2890 utroque
416 2834 495 2873 tuum·
507 2817 621 2890 laudabit
636 2816 733 2886 pollice
746 2820 855 2878 ludum.

175 2904 298 2962 Protinus
312 2923 341 2964 ut
354 2921 491 2973 moneam,
501 2904 599 2976 siquid
611 2903 753 2962 monitoris
766 2921 833 2978 eges
848 2925 906 2981 tu,
