<?xml version="1.0" encoding="UTF-8"?>
<!DOCTYPE html PUBLIC "-//W3C//DTD XHTML 1.0 Transitional//EN"
    "http://www.w3.org/TR/xhtml1/DTD/xhtml1-transitional.dtd">
<html xmlns="http://www.w3.org/1999/xhtml" xml:lang="en" lang="en">
 <head>
  <title>
</title>
<meta http-equiv="Content-Type" content="text/html;charset=utf-8" />
  <meta name='ocr-system' content='tesseract 3.04.00' />
  <meta name='ocr-capabilities' content='ocr_page ocr_carea ocr_par ocr_line ocrx_word'/>
</head>
<body>
  <div class='ocr_page' id='page_1' title='image "./quintihoratiifl00prgoog_0212.png"; bbox 0 0 1922 3598; ppageno 0'>
   <div class='ocr_carea' id='block_1_1' title="bbox 191 289 758 382">
    <p class='ocr_par' dir='ltr' id='par_1_1' title="bbox 191 289 758 382">
     <span class='ocr_line' id='line_1_1' title="bbox 191 289 758 382; baseline 0.007 -24"><span class='ocrx_word' id='word_1_1' title='bbox 191 289 464 362; x_wconf 78' lang='lat' dir='ltr'>.Lrnrn</span> <span class='ocrx_word' id='word_1_2' title='bbox 524 293 554 362; x_wconf 89' lang='grc' dir='ltr'>Ι.</span> <span class='ocrx_word' id='word_1_3' title='bbox 686 303 758 382; x_wconf 81' lang='lat'>207</span> 
     </span>
    </p>
   </div>
   <div class='ocr_carea' id='block_1_2' title="bbox 19 397 805 482">
    <p class='ocr_par' dir='ltr' id='par_1_2' title="bbox 19 397 805 482">
     <span class='ocr_line' id='line_1_2' title="bbox 19 397 805 482; baseline 0.005 -22"><span class='ocrx_word' id='word_1_4' title='bbox 19 451 21 460; x_wconf 79' lang='grc'>,</span> <span class='ocrx_word' id='word_1_5' title='bbox 47 397 173 461; x_wconf 82' lang='lat' dir='ltr'>Sarmenti</span> <span class='ocrx_word' id='word_1_6' title='bbox 190 409 299 468; x_wconf 89' lang='lat' dir='ltr'>domina</span> <span class='ocrx_word' id='word_1_7' title='bbox 317 414 410 468; x_wconf 78' lang='lat' dir='ltr'>exstat.</span> <span class='ocrx_word' id='word_1_8' title='bbox 424 415 464 468; x_wconf 79' lang='lat' dir='ltr'>Ab</span> <span class='ocrx_word' id='word_1_9' title='bbox 480 415 523 468; x_wconf 89' lang='lat' dir='ltr'>his</span> <span class='ocrx_word' id='word_1_10' title='bbox 542 411 686 482; x_wconf 86' lang='lat' dir='ltr'>majoribus</span> <span class='ocrx_word' id='word_1_11' title='bbox 706 411 758 464; x_wconf 91' lang='lat' dir='ltr'>orti</span> <span class='ocrx_word' id='word_1_12' title='bbox 773 417 805 474; x_wconf 68' lang='grc' dir='ltr'>ῖς</span> 
     </span>
    </p>
   </div>
   <div class='ocr_carea' id='block_1_3' title="bbox 41 489 812 2971">
    <p class='ocr_par' dir='ltr' id='par_1_3' title="bbox 42 489 759 746">
     <span class='ocr_line' id='line_1_3' title="bbox 45 489 741 567; baseline 0.017 -23"><span class='ocrx_word' id='word_1_13' title='bbox 45 489 83 542; x_wconf 78' lang='lat' dir='ltr'>Ad</span> <span class='ocrx_word' id='word_1_14' title='bbox 96 510 210 564; x_wconf 85' lang='lat' dir='ltr'>pugnam</span> <span class='ocrx_word' id='word_1_15' title='bbox 224 515 334 553; x_wconf 88' lang='lat' dir='ltr'>venere.</span> <span class='ocrx_word' id='word_1_16' title='bbox 349 501 426 554; x_wconf 87' lang='lat' dir='ltr'>Prior</span> <span class='ocrx_word' id='word_1_17' title='bbox 441 501 616 554; x_wconf 83' lang='lat' dir='ltr'>Sarmentus:</span> <span class='ocrx_word' id='word_1_18' title='bbox 631 497 699 567; x_wconf 74' lang='lat' dir='ltr'>Equi</span> <span class='ocrx_word' id='word_1_19' title='bbox 714 511 741 550; x_wconf 86' lang='lat' dir='ltr'>te</span> 
     </span>
     <span class='ocr_line' id='line_1_4' title="bbox 42 576 756 652; baseline 0.01 -25"><span class='ocrx_word' id='word_1_20' title='bbox 42 576 94 630; x_wconf 87' lang='lat' dir='ltr'>Esse</span> <span class='ocrx_word' id='word_1_21' title='bbox 112 581 160 632; x_wconf 85' lang='lat' dir='ltr'>seri</span> <span class='ocrx_word' id='word_1_22' title='bbox 179 583 298 638; x_wconf 78' lang='lat' dir='ltr'>similem</span> <span class='ocrx_word' id='word_1_23' title='bbox 316 585 387 640; x_wconf 89' lang='lat' dir='ltr'>dico.</span> <span class='ocrx_word' id='word_1_24' title='bbox 408 585 535 638; x_wconf 88' lang='lat' dir='ltr'>Ridemus</span> <span class='ocrx_word' id='word_1_25' title='bbox 552 603 561 645; x_wconf 78' lang='lat'>3</span> <span class='ocrx_word' id='word_1_26' title='bbox 580 585 607 638; x_wconf 86' lang='lat'>&amp;</span> <span class='ocrx_word' id='word_1_27' title='bbox 625 583 681 652; x_wconf 86' lang='lat' dir='ltr'>ipse</span> <span class='ocrx_word' id='word_1_28' title='bbox 753 602 756 610; x_wconf 92' lang='lat'><em>·</em></span> 
     </span>
     <span class='ocr_line' id='line_1_5' title="bbox 42 663 759 746; baseline 0.01 -32"><span class='ocrx_word' id='word_1_29' title='bbox 42 663 168 738; x_wconf 85' lang='lat' dir='ltr'>Messius,</span> <span class='ocrx_word' id='word_1_30' title='bbox 181 671 302 739; x_wconf 86' lang='lat' dir='ltr'>accipio,</span> <span class='ocrx_word' id='word_1_31' title='bbox 314 688 393 746; x_wconf 83' lang='lat' dir='ltr'>caput</span> <span class='ocrx_word' id='word_1_32' title='bbox 406 673 432 726; x_wconf 77' lang='grc' dir='ltr'>δι</span> <span class='ocrx_word' id='word_1_33' title='bbox 443 687 546 727; x_wconf 90' lang='lat' dir='ltr'>movet.</span> <span class='ocrx_word' id='word_1_34' title='bbox 557 672 602 727; x_wconf 90' lang='lat' dir='ltr'>O!</span> <span class='ocrx_word' id='word_1_35' title='bbox 616 687 661 724; x_wconf 89' lang='lat' dir='ltr'>tua</span> <span class='ocrx_word' id='word_1_36' title='bbox 675 687 759 724; x_wconf 87' lang='lat' dir='ltr'>cornu</span> 
     </span>
    </p>

    <p class='ocr_par' dir='ltr' id='par_1_4' title="bbox 42 751 807 996">
     <span class='ocr_line' id='line_1_6' title="bbox 42 751 757 830; baseline 0.008 -29"><span class='ocrx_word' id='word_1_37' title='bbox 42 751 74 801; x_wconf 85' lang='lat' dir='ltr'>Ni</span> <span class='ocrx_word' id='word_1_38' title='bbox 85 752 153 806; x_wconf 89' lang='lat' dir='ltr'>soter</span> <span class='ocrx_word' id='word_1_39' title='bbox 163 755 272 810; x_wconf 65' lang='lat' dir='ltr'>exsecto</span> <span class='ocrx_word' id='word_1_40' title='bbox 285 758 549 830; x_wconf 84' lang='lat' dir='ltr'>stons,inquit,quid</span> <span class='ocrx_word' id='word_1_41' title='bbox 558 759 757 826; x_wconf 83' lang='lat' dir='ltr'>faceres‚quum</span> 
     </span>
     <span class='ocr_line' id='line_1_7' title="bbox 43 831 807 898; baseline 0.008 -12"><span class='ocrx_word' id='word_1_42' title='bbox 43 831 82 887; x_wconf 85' lang='lat' dir='ltr'>Sit</span> <span class='ocrx_word' id='word_1_43' title='bbox 99 839 210 893; x_wconf 88' lang='lat' dir='ltr'>mutilus</span> <span class='ocrx_word' id='word_1_44' title='bbox 229 841 362 896; x_wconf 88' lang='lat' dir='ltr'>minitaris</span> <span class='ocrx_word' id='word_1_45' title='bbox 381 847 391 897; x_wconf 76' lang='grc' dir='ltr'><strong><em>ἓ</em></strong></span> <span class='ocrx_word' id='word_1_46' title='bbox 411 847 446 898; x_wconf 80' lang='lat' dir='ltr'>At</span> <span class='ocrx_word' id='word_1_47' title='bbox 464 844 506 896; x_wconf 91' lang='lat' dir='ltr'>illi</span> <span class='ocrx_word' id='word_1_48' title='bbox 524 843 595 898; x_wconf 84' lang='lat' dir='ltr'>soeda</span> <span class='ocrx_word' id='word_1_49' title='bbox 614 842 725 896; x_wconf 78' lang='lat' dir='ltr'>cicatrix</span> <span class='ocrx_word' id='word_1_50' title='bbox 769 837 807 892; x_wconf 77' lang='lat'>60</span> 
     </span>
     <span class='ocr_line' id='line_1_8' title="bbox 43 919 626 996; baseline 0.019 -27"><span class='ocrx_word' id='word_1_51' title='bbox 43 919 154 975; x_wconf 83' lang='lat' dir='ltr'>Setosam</span> <span class='ocrx_word' id='word_1_52' title='bbox 173 925 239 978; x_wconf 77' lang='lat' dir='ltr'>laevi</span> <span class='ocrx_word' id='word_1_53' title='bbox 257 925 372 980; x_wconf 74' lang='lat' dir='ltr'>frontem</span> <span class='ocrx_word' id='word_1_54' title='bbox 391 941 542 996; x_wconf 84' lang='lat' dir='ltr'>turpaverat</span> <span class='ocrx_word' id='word_1_55' title='bbox 561 927 626 980; x_wconf 83' lang='lat' dir='ltr'>oris.</span> 
     </span>
    </p>

    <p class='ocr_par' dir='ltr' id='par_1_5' title="bbox 42 1007 806 1170">
     <span class='ocr_line' id='line_1_9' title="bbox 43 1007 806 1082; baseline 0.007 -26"><span class='ocrx_word' id='word_1_56' title='bbox 43 1007 200 1077; x_wconf 86' lang='lat' dir='ltr'>Campanum</span> <span class='ocrx_word' id='word_1_57' title='bbox 212 1011 242 1064; x_wconf 90' lang='lat' dir='ltr'>in</span> <span class='ocrx_word' id='word_1_58' title='bbox 252 1014 391 1076; x_wconf 84' lang='lat' dir='ltr'>morbum,</span> <span class='ocrx_word' id='word_1_59' title='bbox 401 1013 429 1066; x_wconf 92' lang='lat' dir='ltr'>in</span> <span class='ocrx_word' id='word_1_60' title='bbox 439 1013 534 1066; x_wconf 84' lang='lat' dir='ltr'>faciem</span> <span class='ocrx_word' id='word_1_61' title='bbox 545 1013 673 1082; x_wconf 87' lang='lat' dir='ltr'>permulta</span> <span class='ocrx_word' id='word_1_62' title='bbox 684 1011 806 1079; x_wconf 85' lang='lat' dir='ltr'>jocatus.</span> 
     </span>
     <span class='ocr_line' id='line_1_10' title="bbox 42 1091 636 1170; baseline 0.013 -27"><span class='ocrx_word' id='word_1_63' title='bbox 42 1091 169 1148; x_wconf 81' lang='lat' dir='ltr'>Pastorem</span> <span class='ocrx_word' id='word_1_64' title='bbox 188 1096 294 1150; x_wconf 86' lang='lat' dir='ltr'>saltaret</span> <span class='ocrx_word' id='word_1_65' title='bbox 311 1098 352 1150; x_wconf 89' lang='lat' dir='ltr'>uti</span> <span class='ocrx_word' id='word_1_66' title='bbox 371 1101 491 1170; x_wconf 84' lang='lat' dir='ltr'>Cyclopa</span> <span class='ocrx_word' id='word_1_67' title='bbox 510 1100 636 1168; x_wconf 82' lang='lat' dir='ltr'>rogabat,</span> 
     </span>
    </p>

    <p class='ocr_par' dir='ltr' id='par_1_6' title="bbox 41 1177 808 2365">
     <span class='ocr_line' id='line_1_11' title="bbox 41 1177 757 1255; baseline 0.01 -27"><span class='ocrx_word' id='word_1_68' title='bbox 41 1177 83 1230; x_wconf 84' lang='lat' dir='ltr'>Nil</span> <span class='ocrx_word' id='word_1_69' title='bbox 100 1179 138 1232; x_wconf 92' lang='lat' dir='ltr'>illi</span> <span class='ocrx_word' id='word_1_70' title='bbox 159 1181 252 1246; x_wconf 54' lang='lat' dir='ltr'>larus,</span> <span class='ocrx_word' id='word_1_71' title='bbox 266 1197 310 1234; x_wconf 89' lang='lat' dir='ltr'>aut</span> <span class='ocrx_word' id='word_1_72' title='bbox 326 1183 433 1255; x_wconf 78' lang='lat' dir='ltr'>tragicis</span> <span class='ocrx_word' id='word_1_73' title='bbox 451 1201 519 1252; x_wconf 92' lang='lat' dir='ltr'>opus</span> <span class='ocrx_word' id='word_1_74' title='bbox 538 1183 590 1237; x_wconf 80' lang='lat' dir='ltr'>effe</span> <span class='ocrx_word' id='word_1_75' title='bbox 609 1181 757 1236; x_wconf 88' lang='lat' dir='ltr'>cothurnis.</span> 
     </span>
     <span class='ocr_line' id='line_1_12' title="bbox 44 1262 807 1336; baseline 0.005 -22"><span class='ocrx_word' id='word_1_76' title='bbox 44 1262 122 1318; x_wconf 89' lang='lat' dir='ltr'>Multa</span> <span class='ocrx_word' id='word_1_77' title='bbox 137 1267 261 1321; x_wconf 86' lang='lat' dir='ltr'>Cicerrus</span> <span class='ocrx_word' id='word_1_78' title='bbox 275 1270 307 1321; x_wconf 89' lang='lat' dir='ltr'>ad</span> <span class='ocrx_word' id='word_1_79' title='bbox 318 1270 374 1322; x_wconf 82' lang='lat' dir='ltr'>haec</span> <span class='ocrx_word' id='word_1_80' title='bbox 386 1289 393 1324; x_wconf 78' lang='grc' dir='ltr'>ι</span> <span class='ocrx_word' id='word_1_81' title='bbox 406 1268 525 1322; x_wconf 72' lang='lat' dir='ltr'>donasset</span> <span class='ocrx_word' id='word_1_82' title='bbox 538 1267 627 1336; x_wconf 84' lang='lat' dir='ltr'>jamne</span> <span class='ocrx_word' id='word_1_83' title='bbox 641 1284 761 1322; x_wconf 86' lang='lat' dir='ltr'>carenam</span> <span class='ocrx_word' id='word_1_84' title='bbox 772 1267 807 1334; x_wconf 68' lang='lat'>65</span> 
     </span>
     <span class='ocr_line' id='line_1_13' title="bbox 43 1345 802 1424; baseline 0.005 -24"><span class='ocrx_word' id='word_1_85' title='bbox 43 1349 78 1400; x_wconf 78' lang='lat' dir='ltr'>lix</span> <span class='ocrx_word' id='word_1_86' title='bbox 91 1367 160 1404; x_wconf 87' lang='lat' dir='ltr'>voto</span> <span class='ocrx_word' id='word_1_87' title='bbox 176 1353 304 1417; x_wconf 84' lang='lat' dir='ltr'>Laribus,</span> <span class='ocrx_word' id='word_1_88' title='bbox 315 1355 449 1422; x_wconf 69' lang='lat' dir='ltr'>querebat</span> <span class='ocrx_word' id='word_1_89' title='bbox 463 1371 472 1412; x_wconf 73' lang='grc' dir='ltr'>ς</span> <span class='ocrx_word' id='word_1_90' title='bbox 488 1353 570 1406; x_wconf 84' lang='lat' dir='ltr'>scriba</span> <span class='ocrx_word' id='word_1_91' title='bbox 590 1351 663 1424; x_wconf 76' lang='lat' dir='ltr'>quod</span> <span class='ocrx_word' id='word_1_92' title='bbox 681 1351 760 1418; x_wconf 83' lang='lat' dir='ltr'>esset,</span> <span class='ocrx_word' id='word_1_93' title='bbox 799 1345 802 1352; x_wconf 74' lang='grc'><strong>’</strong></span> 
     </span>
     <span class='ocr_line' id='line_1_14' title="bbox 42 1434 688 1508; baseline 0.006 -23"><span class='ocrx_word' id='word_1_94' title='bbox 42 1434 164 1489; x_wconf 87' lang='lat' dir='ltr'>Deterius</span> <span class='ocrx_word' id='word_1_95' title='bbox 181 1438 269 1492; x_wconf 85' lang='lat' dir='ltr'>nihilo</span> <span class='ocrx_word' id='word_1_96' title='bbox 289 1437 404 1492; x_wconf 83' lang='lat' dir='ltr'>dominre</span> <span class='ocrx_word' id='word_1_97' title='bbox 424 1436 466 1504; x_wconf 85' lang='lat' dir='ltr'>jus</span> <span class='ocrx_word' id='word_1_98' title='bbox 486 1436 537 1490; x_wconf 81' lang='lat' dir='ltr'>effe</span> <span class='ocrx_word' id='word_1_99' title='bbox 554 1457 561 1491; x_wconf 76' lang='grc' dir='ltr'><strong>ε</strong></span> <span class='ocrx_word' id='word_1_100' title='bbox 580 1439 688 1508; x_wconf 76' lang='lat' dir='ltr'>rogabat</span> 
     </span>
     <span class='ocr_line' id='line_1_15' title="bbox 43 1520 741 1594; baseline 0.009 -22"><span class='ocrx_word' id='word_1_101' title='bbox 43 1520 178 1592; x_wconf 86' lang='lat' dir='ltr'>Denique,</span> <span class='ocrx_word' id='word_1_102' title='bbox 194 1541 241 1576; x_wconf 91' lang='lat' dir='ltr'>cur</span> <span class='ocrx_word' id='word_1_103' title='bbox 259 1540 387 1594; x_wconf 83' lang='lat' dir='ltr'>umquam</span> <span class='ocrx_word' id='word_1_104' title='bbox 405 1522 529 1592; x_wconf 80' lang='lat' dir='ltr'>fugisset,</span> <span class='ocrx_word' id='word_1_105' title='bbox 544 1523 588 1575; x_wconf 94' lang='lat' dir='ltr'>cui</span> <span class='ocrx_word' id='word_1_106' title='bbox 607 1523 670 1578; x_wconf 84' lang='lat' dir='ltr'>satis</span> <span class='ocrx_word' id='word_1_107' title='bbox 690 1541 741 1578; x_wconf 88' lang='lat' dir='ltr'>una</span> 
     </span>
     <span class='ocr_line' id='line_1_16' title="bbox 43 1607 757 1680; baseline 0.008 -22"><span class='ocrx_word' id='word_1_108' title='bbox 43 1607 122 1660; x_wconf 78' lang='lat' dir='ltr'>Farris</span> <span class='ocrx_word' id='word_1_109' title='bbox 141 1609 206 1663; x_wconf 88' lang='lat' dir='ltr'>libra</span> <span class='ocrx_word' id='word_1_110' title='bbox 225 1609 315 1675; x_wconf 88' lang='lat' dir='ltr'>soret,</span> <span class='ocrx_word' id='word_1_111' title='bbox 333 1609 424 1680; x_wconf 84' lang='lat' dir='ltr'>gracili</span> <span class='ocrx_word' id='word_1_112' title='bbox 443 1609 502 1672; x_wconf 90' lang='lat' dir='ltr'>sic,</span> <span class='ocrx_word' id='word_1_113' title='bbox 521 1624 629 1680; x_wconf 87' lang='lat' dir='ltr'>tamque</span> <span class='ocrx_word' id='word_1_114' title='bbox 647 1611 757 1679; x_wconf 87' lang='lat' dir='ltr'>pusillo.</span> 
     </span>
     <span class='ocr_line' id='line_1_17' title="bbox 43 1690 808 1764; baseline 0.009 -22"><span class='ocrx_word' id='word_1_115' title='bbox 43 1690 145 1748; x_wconf 84' lang='lat' dir='ltr'>Prorsus</span> <span class='ocrx_word' id='word_1_116' title='bbox 163 1694 279 1762; x_wconf 71' lang='lat' dir='ltr'>jucundi</span> <span class='ocrx_word' id='word_1_117' title='bbox 299 1711 404 1760; x_wconf 83' lang='lat' dir='ltr'>coenam</span> <span class='ocrx_word' id='word_1_118' title='bbox 422 1695 598 1764; x_wconf 84' lang='lat' dir='ltr'>produximus</span> <span class='ocrx_word' id='word_1_119' title='bbox 617 1695 699 1749; x_wconf 87' lang='lat' dir='ltr'>illam.</span> <span class='ocrx_word' id='word_1_120' title='bbox 771 1709 808 1759; x_wconf 73' lang='lat'>70</span> 
     </span>
     <span class='ocr_line' id='line_1_18' title="bbox 45 1779 808 1852; baseline 0.004 -21"><span class='ocrx_word' id='word_1_121' title='bbox 45 1779 182 1834; x_wconf 84' lang='lat' dir='ltr'>Tendimus</span> <span class='ocrx_word' id='word_1_122' title='bbox 193 1783 255 1835; x_wconf 89' lang='lat' dir='ltr'>hinc</span> <span class='ocrx_word' id='word_1_123' title='bbox 264 1781 335 1835; x_wconf 67' lang='lat' dir='ltr'>resti</span> <span class='ocrx_word' id='word_1_124' title='bbox 343 1781 536 1844; x_wconf 85' lang='lat' dir='ltr'>Beneventum,</span> <span class='ocrx_word' id='word_1_125' title='bbox 545 1781 588 1834; x_wconf 90' lang='lat' dir='ltr'>ubi</span> <span class='ocrx_word' id='word_1_126' title='bbox 597 1783 700 1836; x_wconf 86' lang='lat' dir='ltr'>sedulus</span> <span class='ocrx_word' id='word_1_127' title='bbox 711 1782 808 1852; x_wconf 83' lang='lat' dir='ltr'>hospes</span> 
     </span>
     <span class='ocr_line' id='line_1_19' title="bbox 47 1863 759 1936; baseline 0.008 -22"><span class='ocrx_word' id='word_1_128' title='bbox 47 1863 110 1920; x_wconf 84' lang='lat' dir='ltr'>Pene</span> <span class='ocrx_word' id='word_1_129' title='bbox 128 1867 210 1931; x_wconf 88' lang='lat' dir='ltr'>arsit,</span> <span class='ocrx_word' id='word_1_130' title='bbox 222 1884 327 1920; x_wconf 88' lang='lat' dir='ltr'>macros</span> <span class='ocrx_word' id='word_1_131' title='bbox 346 1868 408 1920; x_wconf 90' lang='lat' dir='ltr'>dum</span> <span class='ocrx_word' id='word_1_132' title='bbox 426 1867 518 1919; x_wconf 89' lang='lat' dir='ltr'>turdos</span> <span class='ocrx_word' id='word_1_133' title='bbox 535 1866 623 1920; x_wconf 86' lang='lat' dir='ltr'>versat</span> <span class='ocrx_word' id='word_1_134' title='bbox 638 1865 667 1918; x_wconf 91' lang='lat' dir='ltr'>in</span> <span class='ocrx_word' id='word_1_135' title='bbox 682 1867 759 1936; x_wconf 81' lang='lat' dir='ltr'>igne:</span> 
     </span>
     <span class='ocr_line' id='line_1_20' title="bbox 47 1950 761 2024; baseline 0.007 -24"><span class='ocrx_word' id='word_1_136' title='bbox 47 1951 109 2004; x_wconf 83' lang='lat' dir='ltr'>Nam</span> <span class='ocrx_word' id='word_1_137' title='bbox 123 1970 191 2024; x_wconf 84' lang='lat' dir='ltr'>vaga</span> <span class='ocrx_word' id='word_1_138' title='bbox 206 1970 255 2022; x_wconf 90' lang='lat' dir='ltr'>per</span> <span class='ocrx_word' id='word_1_139' title='bbox 267 1967 387 2006; x_wconf 83' lang='lat' dir='ltr'>veterem</span> <span class='ocrx_word' id='word_1_140' title='bbox 404 1950 506 2021; x_wconf 88' lang='lat' dir='ltr'>dilapso</span> <span class='ocrx_word' id='word_1_141' title='bbox 523 1950 630 2004; x_wconf 86' lang='lat' dir='ltr'>flamma</span> <span class='ocrx_word' id='word_1_142' title='bbox 645 1953 761 2005; x_wconf 86' lang='lat' dir='ltr'>culinam</span> 
     </span>
     <span class='ocr_line' id='line_1_21' title="bbox 47 2034 758 2106; baseline 0.007 -18"><span class='ocrx_word' id='word_1_143' title='bbox 47 2034 177 2103; x_wconf 85' lang='lat' dir='ltr'>Vulcano,</span> <span class='ocrx_word' id='word_1_144' title='bbox 190 2039 322 2091; x_wconf 85' lang='lat' dir='ltr'>summum</span> <span class='ocrx_word' id='word_1_145' title='bbox 340 2039 498 2106; x_wconf 84' lang='lat' dir='ltr'>properabat</span> <span class='ocrx_word' id='word_1_146' title='bbox 516 2037 758 2093; x_wconf 68' lang='lat' dir='ltr'>lambere-reolum.</span> 
     </span>
     <span class='ocr_line' id='line_1_22' title="bbox 48 2121 806 2193; baseline 0.004 -20"><span class='ocrx_word' id='word_1_147' title='bbox 48 2123 179 2178; x_wconf 83' lang='lat' dir='ltr'>Convivas</span> <span class='ocrx_word' id='word_1_148' title='bbox 198 2124 293 2177; x_wconf 89' lang='lat' dir='ltr'>avidos</span> <span class='ocrx_word' id='word_1_149' title='bbox 311 2139 435 2186; x_wconf 86' lang='lat' dir='ltr'>coenam,</span> <span class='ocrx_word' id='word_1_150' title='bbox 451 2122 595 2190; x_wconf 84' lang='lat' dir='ltr'>servosque</span> <span class='ocrx_word' id='word_1_151' title='bbox 614 2121 738 2176; x_wconf 88' lang='lat' dir='ltr'>timentes</span> <span class='ocrx_word' id='word_1_152' title='bbox 771 2143 806 2193; x_wconf 83' lang='lat'>75</span> 
     </span>
     <span class='ocr_line' id='line_1_23' title="bbox 47 2205 808 2280; baseline 0.005 -18"><span class='ocrx_word' id='word_1_153' title='bbox 47 2210 110 2262; x_wconf 88' lang='lat' dir='ltr'>&#39;sum</span> <span class='ocrx_word' id='word_1_154' title='bbox 124 2227 215 2280; x_wconf 83' lang='lat' dir='ltr'>rapere</span> <span class='ocrx_word' id='word_1_155' title='bbox 224 2249 232 2274; x_wconf 93' lang='lat'>,</span> <span class='ocrx_word' id='word_1_156' title='bbox 241 2221 319 2277; x_wconf 90' lang='lat' dir='ltr'>atque</span> <span class='ocrx_word' id='word_1_157' title='bbox 333 2224 427 2261; x_wconf 89' lang='lat' dir='ltr'>omnes</span> <span class='ocrx_word' id='word_1_158' title='bbox 439 2205 599 2276; x_wconf 75' lang='lat' dir='ltr'>restinguere</span> <span class='ocrx_word' id='word_1_159' title='bbox 609 2208 681 2261; x_wconf 82' lang='lat' dir='ltr'>velle</span> <span class='ocrx_word' id='word_1_160' title='bbox 692 2209 808 2270; x_wconf 86' lang='lat' dir='ltr'>videres.</span> 
     </span>
     <span class='ocr_line' id='line_1_24' title="bbox 48 2291 619 2365; baseline 0 -20"><span class='ocrx_word' id='word_1_161' title='bbox 48 2295 137 2365; x_wconf 87' lang='lat' dir='ltr'>incipit</span> <span class='ocrx_word' id='word_1_162' title='bbox 155 2313 191 2350; x_wconf 84' lang='lat' dir='ltr'>ex</span> <span class='ocrx_word' id='word_1_163' title='bbox 210 2295 259 2349; x_wconf 92' lang='lat' dir='ltr'>illo</span> <span class='ocrx_word' id='word_1_164' title='bbox 277 2309 384 2348; x_wconf 86' lang='lat' dir='ltr'>montes</span> <span class='ocrx_word' id='word_1_165' title='bbox 402 2291 517 2362; x_wconf 78' lang='lat' dir='ltr'>Appulia</span> <span class='ocrx_word' id='word_1_166' title='bbox 537 2305 619 2345; x_wconf 86' lang='lat' dir='ltr'>notos</span> 
     </span>
    </p>

    <p class='ocr_par' dir='ltr' id='par_1_7' title="bbox 48 2379 810 2694">
     <span class='ocr_line' id='line_1_25' title="bbox 49 2379 760 2451; baseline 0 -17"><span class='ocrx_word' id='word_1_167' title='bbox 49 2383 179 2436; x_wconf 82' lang='lat' dir='ltr'>Ostentare</span> <span class='ocrx_word' id='word_1_168' title='bbox 197 2379 283 2446; x_wconf 88' lang='lat' dir='ltr'>mihi,</span> <span class='ocrx_word' id='word_1_169' title='bbox 300 2396 368 2449; x_wconf 91' lang='lat' dir='ltr'>quos</span> <span class='ocrx_word' id='word_1_170' title='bbox 385 2393 468 2431; x_wconf 89' lang='lat' dir='ltr'>torret</span> <span class='ocrx_word' id='word_1_171' title='bbox 485 2379 612 2432; x_wconf 79' lang='lat' dir='ltr'>Atabulus</span> <span class='ocrx_word' id='word_1_172' title='bbox 627 2398 635 2439; x_wconf 75' lang='grc' dir='ltr'><strong><em>ς</em></strong></span> <span class='ocrx_word' id='word_1_173' title='bbox 653 2379 760 2451; x_wconf 84' lang='lat' dir='ltr'>&amp;quos</span> 
     </span>
     <span class='ocr_line' id='line_1_26' title="bbox 48 2464 741 2539; baseline 0.001 -21"><span class='ocrx_word' id='word_1_174' title='bbox 48 2469 191 2539; x_wconf 83' lang='lat' dir='ltr'>Numquam</span> <span class='ocrx_word' id='word_1_175' title='bbox 210 2467 378 2537; x_wconf 83' lang='lat' dir='ltr'>erepsemus,</span> <span class='ocrx_word' id='word_1_176' title='bbox 394 2464 447 2517; x_wconf 87' lang='lat' dir='ltr'>nisi</span> <span class='ocrx_word' id='word_1_177' title='bbox 465 2481 516 2517; x_wconf 89' lang='lat' dir='ltr'>nos</span> <span class='ocrx_word' id='word_1_178' title='bbox 533 2464 621 2518; x_wconf 88' lang='lat' dir='ltr'>vicina</span> <span class='ocrx_word' id='word_1_179' title='bbox 638 2468 741 2520; x_wconf 86' lang='lat' dir='ltr'>Trivici</span> 
     </span>
     <span class='ocr_line' id='line_1_27' title="bbox 48 2551 810 2623; baseline 0.004 -17"><span class='ocrx_word' id='word_1_180' title='bbox 48 2555 114 2608; x_wconf 85' lang='lat' dir='ltr'>Villa</span> <span class='ocrx_word' id='word_1_181' title='bbox 132 2553 290 2623; x_wconf 83' lang='lat' dir='ltr'>recepisset,</span> <span class='ocrx_word' id='word_1_182' title='bbox 306 2551 457 2622; x_wconf 84' lang='lat' dir='ltr'>lacrymoso</span> <span class='ocrx_word' id='word_1_183' title='bbox 476 2568 532 2604; x_wconf 89' lang='lat' dir='ltr'>non</span> <span class='ocrx_word' id='word_1_184' title='bbox 551 2552 609 2606; x_wconf 84' lang='lat' dir='ltr'>sine</span> <span class='ocrx_word' id='word_1_185' title='bbox 628 2555 703 2608; x_wconf 87' lang='lat' dir='ltr'>sumo</span> <span class='ocrx_word' id='word_1_186' title='bbox 715 2573 731 2619; x_wconf 50' lang='lat'>,1</span> <span class='ocrx_word' id='word_1_187' title='bbox 773 2557 810 2610; x_wconf 78' lang='lat' dir='ltr'>So</span> 
     </span>
     <span class='ocr_line' id='line_1_28' title="bbox 49 2637 650 2694; baseline -0.003 -2"><span class='ocrx_word' id='word_1_188' title='bbox 49 2643 118 2694; x_wconf 87' lang='lat' dir='ltr'>Udos</span> <span class='ocrx_word' id='word_1_189' title='bbox 137 2657 197 2694; x_wconf 88' lang='lat' dir='ltr'>cum</span> <span class='ocrx_word' id='word_1_190' title='bbox 214 2638 288 2694; x_wconf 82' lang='lat' dir='ltr'>soliis</span> <span class='ocrx_word' id='word_1_191' title='bbox 307 2654 395 2690; x_wconf 84' lang='lat' dir='ltr'>ramos</span> <span class='ocrx_word' id='word_1_192' title='bbox 413 2650 506 2690; x_wconf 89' lang='lat' dir='ltr'>urente</span> <span class='ocrx_word' id='word_1_193' title='bbox 523 2637 650 2691; x_wconf 87' lang='lat' dir='ltr'>camino..</span> 
     </span>
    </p>

    <p class='ocr_par' dir='ltr' id='par_1_8' title="bbox 51 2725 746 2800">
     <span class='ocr_line' id='line_1_29' title="bbox 51 2725 746 2800; baseline -0.001 -19"><span class='ocrx_word' id='word_1_194' title='bbox 51 2730 98 2784; x_wconf 83' lang='lat' dir='ltr'>llic</span> <span class='ocrx_word' id='word_1_195' title='bbox 113 2748 163 2800; x_wconf 78' lang='lat' dir='ltr'>ego</span> <span class='ocrx_word' id='word_1_196' title='bbox 181 2730 334 2783; x_wconf 87' lang='lat' dir='ltr'>mendacem</span> <span class='ocrx_word' id='word_1_197' title='bbox 348 2725 516 2780; x_wconf 82' lang='lat' dir='ltr'>stultissimus</span> <span class='ocrx_word' id='word_1_198' title='bbox 533 2726 615 2796; x_wconf 87' lang='lat' dir='ltr'>usque</span> <span class='ocrx_word' id='word_1_199' title='bbox 630 2728 746 2795; x_wconf 87' lang='lat' dir='ltr'>puellam</span> 
     </span>
    </p>

    <p class='ocr_par' dir='ltr' id='par_1_9' title="bbox 51 2811 812 2971">
     <span class='ocr_line' id='line_1_30' title="bbox 51 2811 812 2882; baseline 0.005 -16"><span class='ocrx_word' id='word_1_200' title='bbox 51 2815 86 2868; x_wconf 79' lang='lat' dir='ltr'>nd</span> <span class='ocrx_word' id='word_1_201' title='bbox 100 2815 210 2870; x_wconf 86' lang='lat' dir='ltr'>mediam</span> <span class='ocrx_word' id='word_1_202' title='bbox 226 2813 332 2868; x_wconf 60' lang='lat' dir='ltr'>tiodiem</span> <span class='ocrx_word' id='word_1_203' title='bbox 348 2811 472 2882; x_wconf 74' lang='lat' dir='ltr'>exspesto</span> <span class='ocrx_word' id='word_1_204' title='bbox 484 2832 492 2865; x_wconf 91' lang='lat'><strong>:</strong></span> <span class='ocrx_word' id='word_1_205' title='bbox 504 2814 612 2864; x_wconf 87' lang='lat' dir='ltr'>somnus</span> <span class='ocrx_word' id='word_1_206' title='bbox 625 2824 713 2864; x_wconf 90' lang='lat' dir='ltr'>tamen</span> <span class='ocrx_word' id='word_1_207' title='bbox 727 2815 812 2869; x_wconf 86' lang='lat' dir='ltr'>aufert</span> 
     </span>
     <span class='ocr_line' id='line_1_31' title="bbox 51 2895 745 2971; baseline 0.006 -21"><span class='ocrx_word' id='word_1_208' title='bbox 51 2895 175 2960; x_wconf 81' lang='lat' dir='ltr'>luteorum</span> <span class='ocrx_word' id='word_1_209' title='bbox 190 2901 291 2962; x_wconf 83' lang='lat' dir='ltr'>Veneri</span> <span class='ocrx_word' id='word_1_210' title='bbox 307 2920 314 2957; x_wconf 76' lang='lat' dir='ltr'>a</span> <span class='ocrx_word' id='word_1_211' title='bbox 332 2913 389 2956; x_wconf 88' lang='lat' dir='ltr'>tum</span> <span class='ocrx_word' id='word_1_212' title='bbox 407 2897 545 2971; x_wconf 78' lang='lat' dir='ltr'>immundo</span> <span class='ocrx_word' id='word_1_213' title='bbox 564 2897 666 2953; x_wconf 87' lang='lat' dir='ltr'>somnia</span> <span class='ocrx_word' id='word_1_214' title='bbox 683 2899 745 2954; x_wconf 84' lang='lat' dir='ltr'>visu</span> 
     </span>
    </p>
   </div>
   <div class='ocr_carea' id='block_1_4' title="bbox 0 0 981 3598">
    <p class='ocr_par' dir='ltr' id='par_1_10' title="bbox 0 0 981 3598">
     <span class='ocr_line' id='line_1_32' title="bbox 0 0 981 3598; baseline 0 0"><span class='ocrx_word' id='word_1_215' title='bbox 0 0 981 3598; x_wconf 95' lang='lat' dir='ltr'> </span> 
     </span>
    </p>
   </div>
  </div>
 </body>
</html>
