1980 3614
243 317 288 392 18
399 327 798 408 CARMINUM

239 441 296 509 Qui
311 443 388 502 siccis
404 452 490 506 oculis
506 455 620 508 monstra
635 458 749 512 natantia
762 493 772 522 .

311 531 367 597 Qui
380 532 449 587 vidit
462 554 534 591 mare
548 540 699 610 turgidum,
717 544 744 596 &

190 619 226 664 ιο
236 612 350 668 infames
365 617 488 688 scopulos
501 623 692 678 Acroceraunia
706 629 718 681 ἓ

310 701 493 772 Nequidquam
506 708 580 760 Deus
594 709 702 764 abscidit

237 780 354 838 Prudens
369 786 480 842 Oceano
496 791 649 848 dissociabili

311 869 422 938 Terras,
440 873 464 926 si
478 889 565 930 tamen
582 879 672 948 impiae

237 951 302 1004 Non
315 958 443 1024 tangenda
457 976 526 1013 rates
540 963 692 1017 transiliunt
704 965 784 1035 vadaa

189 1053 223 1109 25
309 1039 404 1092 Audax
417 1043 508 1097 omnia
522 1047 625 1115 perpeti

240 1121 315 1176 oens
329 1123 442 1178 humana
458 1129 512 1180 ruit
526 1146 573 1197 per
587 1131 701 1185 vetitum
716 1133 805 1191 nefas.¹

309 1207 404 1262 Audax
418 1212 502 1281 Iapeti
516 1231 599 1283 genus

236 1289 329 1362 Ignem
342 1293 431 1348 fraude
446 1297 514 1350 mali
527 1298 649 1368 gentibus
664 1300 765 1360 intulit.

310 1377 371 1430 Post
385 1377 474 1450 ignem
488 1382 601 1436 aetherei
616 1385 698 1438 domo

191 1480 227 1542 30
237 1461 414 1528 seiunctum,
431 1466 550 1533 Macies,
568 1469 594 1522 &
612 1487 683 1524 nova
697 1471 821 1526 Febriunt

309 1548 400 1602 Terris
416 1549 534 1604 incubuit
548 1553 660 1614 cohors;

237 1631 393 1701 Semotique
407 1635 480 1702 pribs
493 1638 564 1690 tarda
577 1639 719 1695 necessitas

309 1717 386 1769 Lethi
402 1720 530 1789 corripuit
544 1725 661 1792 gradum.

236 1800 369 1868 Expertus
383 1819 496 1856 vacuum
510 1807 634 1860 Daedalus
651 1809 710 1862 a'e'ra

192 1911 225 1969 35
312 1887 409 1940 Pennis
423 1905 479 1941 non
492 1891 597 1944 homini
611 1893 698 1947 datis:

238 1973 358 2041 Perrupit
372 1975 523 2029 Acheronta
538 1977 682 2030 Herculeus
697 1980 781 2038 labor.
852 1982 853 1985 ’

309 2056 356 2110 Nil
370 2059 523 2115 mortalibus
539 2062 648 2116 arduum
663 2063 717 2118 est:

239 2144 346 2197 Coelum
361 2142 447 2212 ipsum
460 2145 575 2212 petimus
589 2145 714 2212 stultitia,
730 2167 814 2220 neque

310 2229 360 2282 Per
373 2229 489 2282 nostrum
503 2230 618 2298 patimur
634 2232 718 2286 scelus

191 2326 228 2390 '40
238 2314 363 2368 Iracunda
378 2313 476 2370 Juvern
492 2330 593 2386 ponere
608 2315 729 2372 fulmina.
