1922 3598
243 281 311 354 190
385 270 817 372 Surunrnunr

245 415 932 489 omre-*emmas

350 561 708 653 saliua
768 565 850 648 ll.

279 723 407 796 Stultos,
426 728 489 785 ditm
514 727 586 787 viria
614 729 737 808 querclam
763 726 908 791 declinant,
958 733 959 740 ³

430 829 460 887 in
484 831 621 889 contraria
647 831 770 889 incidere.

238 919 340 1038 Art
350 1002 577 1044 austrinum
593 991 720 1062 collegia,
732 987 933 1060 pharmacopola·
958 1037 959 1058 ,

237 1069 374 1135 Mendici,
393 1073 501 1138 mima,
518 1079 687 1140 balatrones,
704 1078 758 1129 hoc
777 1092 856 1145 genus
872 1086 934 1124 omne

238 1156 364 1209 Moestum
377 1174 407 1211 ac
419 1159 562 1213 sollicitum
574 1161 611 1214 est
622 1161 738 1214 cantoris
750 1174 836 1212 morte
843 1157 934 1226 Tigelli:
958 1167 959 1218 ;

238 1242 347 1312 Quippe
355 1244 486 1315 benignus
496 1249 668 1300 eratcontrd
676 1246 766 1310 hicme
774 1238 935 1316 prodiguselie

211 1339 221 1391 ς
236 1329 363 1393 Dicatur,
377 1348 517 1396 metuens,
532 1333 610 1400 inopi
629 1335 689 1384 dare
708 1332 778 1385 nolit
795 1331 888 1391 amico,

237 1415 329 1486 Frigus
348 1433 402 1487 quo
422 1419 565 1488 duramque
582 1419 679 1471 famem
697 1417 828 1486 depellere
843 1411 923 1484 possit.

238 1503 314 1556 Hunc
333 1503 357 1556 si
376 1504 562 1573 perconteris,
579 1504 626 1557 avi
645 1518 789 1573 curatque
808 1498 910 1570 parentis

239 1590 394 1642 Praeclaram
411 1589 514 1660 ingrati
529 1589 638 1661 stringat
652 1591 738 1642 malus
755 1585 869 1658 ingluvie
882 1597 936 1640 reus

238 1669 339 1724 Omnia
357 1673 494 1726 conduffis
513 1674 639 1728 coimens
659 1672 770 1726 obsonia
789 1669 909 1728 nummis;

191 1771 224 1807 ιο
237 1757 378 1821 Sordidus,
392 1773 471 1827 atque
489 1759 571 1812 animi
589 1757 662 1831 quod
677 1749 756 1828 parvi
773 1757 841 1812 nolit
853 1750 936 1812 haberi,

236 1841 396 1911 Respondet.
413 1843 544 1897 Laudatur
561 1847 593 1898 ab
611 1845 671 1905 his,
688 1847 809 1912 culpatur
826 1843 854 1895 ab
871 1838 922 1891 illis·

237 1926 353 1980 Fufidius
371 1944 467 1996 vappae
486 1929 584 1982 famam
602 1929 680 1981 timet
698 1943 728 1979 ac
747 1923 896 1988 nebulonis,

236 2014 323 2068 Dives
335 2015 431 2085 agris,
447 2013 523 2067 dives
543 2013 641 2083 positis
660 2015 688 2066 in
707 2014 814 2067 foenore
831 2005 935 2066 nummis.

237 2100 340 2168 Quinas
359 2101 404 2153 hic
422 2100 658 2168 capiti‘tnercedes
678 2100 801 2163 exsecat,
816 2111 900 2166 arque,

191 2201 220 2253 ¹5
236 2189 345 2254 Quanto
360 2187 488 2256 perditior
504 2187 615 2255 quisque
629 2183 934 2249 est,tantoacril1surget·

235 2275 352 2326 Nomina
373 2271 500 2335 seiiatur,
519 2270 601 2324 modi>
622 2270 723 2339 sumpti
742 2270 814 2323 veste
833 2265 897 2320 virili

235 2361 288 2412 Sub
302 2357 420 2426 patribus
436 2358 507 2411 duris
524 2357 652 2408 tironum.
665 2355 802 2420 Maxime,
813 2353 869 2424 quis
881 2361 935 2405 non·
956 2377 957 2388 ¹

234 2443 353 2513 Jupiter,
366 2446 515 2506 exclamet,
528 2441 608 2493 simul
623 2456 702 2510 atque
714 2439 816 2492 audivit
826 2442 835 2492 l
844 2438 875 2488 At
884 2436 905 2487 in
915 2430 935 2480 se
956 2453 957 2476 ³

236 2529 289 2582 Pro
301 2527 398 2599 quaestu
409 2529 544 2598 sumptum
556 2526 619 2580 facit
627 2525 848 2579 hicvixcredere
857 2516 939 2590 possis,

189 2634 224 2672 20
237 2615 324 2682 Quim
335 2615 384 2668 sibi
395 2630 450 2666 non
460 2613 495 2666 sit
504 2611 602 2664 amicus
610 2629 620 2669 ;
628 2611 664 2664 ita
673 2625 703 2662 ut
711 2625 785 2679 pater
793 2599 935 2672 illeffereui

211 2715 214 2728 ¹
236 2704 331 2756 Fabula
348 2717 427 2771 quem
445 2698 571 2751 miserum
589 2713 653 2749 nato
668 2695 765 2749 vixiffe
781 2698 867 2766 fugato

236 2789 355 2852 inducit,
372 2803 429 2840 non
443 2785 470 2838 se
486 2782 562 2854 pejits
580 2781 738 2836 cruciaverit
754 2798 830 2851 atque
845 2776 890 2831 hic.

236 2877 265 2932 Si
278 2876 336 2947 quis
349 2889 419 2928 nunc
428 2869 604 2940 quaecamque
616 2885 657 2922 res
668 2869 725 2921 haec
733 2869 845 2937 pertinet
853 2866 862 2918 l
871 2859 934 2912 lllut:
