1916 3602
217 323 443 392 bruun
498 316 529 384 Ι.
667 305 731 397 187

48 439 116 504 Quem
127 441 206 504 rlruit,
220 445 288 500 haud
301 445 397 517 ignara
411 460 442 496 ac
456 456 512 493 non
524 435 629 491 incauta
643 431 733 487 futuri.
748 433 778 486 35

46 525 108 590 Qut,
114 529 182 582 simul
193 529 331 586 inversum
342 528 480 584 contristat
488 521 618 594 Aquarius
629 533 738 582 annum,

45 609 200 682 haudquam
216 618 361 686 prorepit,
378 613 474 669 &illis
490 609 574 663 utitur
588 605 650 660 ante

25 729 28 759 :
45 695 143 760 Qlaetitit
156 700 276 770 sapiens:
289 715 378 772 quum
391 717 419 754 te
432 714 519 768 neque
532 694 650 748 fervidus
663 689 738 745 tellus

44 779 164 839 Dtnoveat
171 791 245 842 lucro
247 807 350 858 ,neque
358 784 475 858 hyems(
468 782 547 854 ignis,
548 797 629 844 mare,
630 779 739 836 ferrum,

43 863 74 918 Nil
86 870 159 924 obstet
172 873 238 940 tibi,
251 876 319 927 dum
336 891 372 926 ne
387 874 423 926 sit
437 886 465 924 te
480 867 561 922 ditior
575 869 650 920 alter.
751 867 787 916 40

43 951 94 1016 Qut
105 955 175 1023 juvat
189 959 357 1014 immensum
372 973 400 1012 te
414 953 517 1028 argenti
529 953 633 1023 pondus
646 951 671 1005 δι
683 943 741 1002 auri

41 1033 116 1093 Furtim
131 1044 233 1098 defossi
252 1046 385 1099 timidum
402 1046 535 1112 deponere
551 1037 646 1092 tetri?

23 1179 25 1182 ,
42 1121 136 1188 Quasi
151 1131 345 1196 comminuas,
358 1131 442 1184 vilent
458 1125 589 1198 redigatur
605 1126 637 1177 ad
653 1119 742 1176 aliem.

42 1209 95 1272 btni
103 1213 126 1264 id
133 1213 237 1284 fit‚quid
245 1215 443 1286 habetpulchri
450 1210 612 1266 constructus
619 1208 742 1262 acervus?

20 1333 23 1362 3
42 1289 105 1349 llillia
117 1299 241 1354 frumenti
257 1319 307 1356 tua
327 1299 435 1354 triverit
451 1315 510 1350 area
526 1311 651 1358 centum,
755 1297 788 1350 45

42 1377 86 1432 llon
94 1398 148 1438 tuus
157 1387 208 1440 hoc
218 1388 313 1457 capiet
321 1400 418 1438 venter
426 1379 576 1452 plus,quim
585 1393 711 1433 meus2ut
720 1375 744 1430 si

44 1461 165 1524 Reticulum
179 1473 259 1542 panis
274 1473 389 1527 venales
404 1469 475 1521 inter
489 1465 584 1520 onusto

44 1547 99 1606 Forte
109 1559 187 1611 vehas
201 1561 341 1621 humero,
352 1554 439 1609 nihilo
453 1555 513 1622 plus
527 1547 655 1620 accipiar,
665 1545 744 1620 quint

45 1635 83 1700 Ql'l
93 1640 126 1694 nil
139 1645 267 1710 portdrit.
282 1645 337 1698 Vel
351 1641 409 1704 dic,
423 1639 487 1708 quid
501 1637 598 1690 referat
611 1635 682 1690 intra

44 1719 124 1780 llaturae
138 1727 206 1782 fines
221 1728 355 1792 viventi,
370 1725 460 1795 iugera
476 1739 600 1788 centum,
613 1739 647 1775 an
760 1733 794 1786 50

44 1804 97 1862 Mille
107 1829 160 1866 atet
168 1819 180 1871 ἓ
188 1817 225 1869 At
236 1816 322 1869 suave
333 1811 370 1866 est
382 1827 417 1863 ex
427 1825 522 1880 magno
533 1812 630 1863 tollere
638 1823 745 1861 acervo.

45 1889 95 1947 Dum
102 1915 225 1970 experto
235 1900 317 1957 nobis
325 1897 486 1952 tantumdem
492 1893 595 1950 haurire
604 1893 747 1960 relinquas,

46 1978 83 2029 cur
95 1997 135 2036 tua
149 1988 211 2054 plus
227 1986 322 2038 laudes
339 1980 452 2034 cumeris
466 1968 585 2050 granaria
600 1977 694 2030 nostris
708 1981 718 2032 i

47 2060 74 2114 Ut
84 2066 125 2120 tibi
140 2070 163 2122 si
178 2071 215 2122 sit
232 2086 304 2137 opus
319 2065 414 2136 liquidi
428 2083 485 2118 non
500 2061 614 2132 amplius
626 2059 710 2125 urnl,

48 2145 82 2201 Vel
92 2156 200 2223 cyatho,
213 2157 241 2208 br
252 2154 338 2218 dicas,
347 2153 449 2221 Magno
461 2151 493 2202 de
503 2147 614 2202 flumine
626 2148 747 2208 mallem,
763 2162 793 2214 55
806 2155 809 2162 ·

47 2231 114 2297 Quin
122 2243 220 2296 exhoc
229 2238 362 2294 fonticulo
371 2237 534 2289 tantumdem
545 2233 698 2287 sumeteAEu
708 2231 749 2298 lit,
764 2299 771 2307 ι

47 2315 134 2377 lleuior
148 2341 180 2383 ut
197 2327 222 2381 si
239 2341 308 2394 quos
325 2321 435 2376 delestet
452 2319 530 2388 copia
546 2317 630 2385 justo,

48 2407 100 2461 Cum
112 2411 169 2481 ripa
184 2413 267 2470 simul
282 2409 388 2462 avulsos
404 2407 471 2460 ferat
485 2403 594 2460 Aufidus
609 2421 676 2458 acet.

25 2545 26 2560 ἦ
49 2491 220 2564 ltquitantuli
229 2512 297 2566 eget,
300 2507 427 2564 quantum
435 2489 472 2548 est
479 2507 556 2558 opus
558 2490 581 2543 is
589 2507 675 2560 neque
683 2487 750 2542 limo

19 2575 25 2624 s
47 2579 173 2638 Turbatam
180 2583 269 2639 haunt
277 2595 381 2650 aquam
384 2593 469 2646 neque
477 2591 560 2630 urtam
568 2590 667 2628 amittit
674 2591 703 2627 tn
711 2570 799 2626 undu

19 3116 23 3265 l

53 2666 148 2723 ltbom
158 2686 220 2740 pars
231 2666 370 2722 hominum
381 2663 488 2732 decepta
500 2660 623 2728 cupidine
632 2659 714 2717 falso,
764 2658 800 2709 60

21 2751 152 2810 Nilsatis
165 2753 234 2810 est
210 2752 313 2822 ,inquit
322 2769 330 2812 t
340 2749 401 2818 quia
413 2746 479 2800 tanti
484 2757 628 2814 ‚quantum
639 2744 746 2805 habeas,
753 2742 800 2796 sis,

20 2824 110 2904 Quid
119 2842 199 2897 facias
210 2839 249 2894 illi
259 2840 269 2892 l
280 2835 369 2902 iubeas
381 2831 506 2888 miserunt
516 2827 584 2894 esse,
591 2829 704 2881 libenter

53 2922 176 2993 Qutenus
185 2926 212 2984 id
222 2923 293 2982 laur.
302 2922 340 2980 Ut
352 2917 460 2994 quidem
470 2929 634 2974 memoratur
642 2911 753 2968 Athenis
