2006 3608
237 345 281 413 'L
303 360 322 412 r
347 360 373 414 s
397 363 422 413 a
448 361 475 412 a
513 341 589 419 ll.
712 331 783 430 3'17

58 458 174 515 Talibus
191 463 286 519 officiis
303 464 389 535 propi·
407 477 546 527 mancum,
557 477 591 514 ne
605 475 664 512 mea
679 458 764 512 saevua

58 548 189 616 iurgares
206 551 238 600 ad
255 565 282 602 te
300 549 375 619 quaid
391 548 501 618 epistola
520 550 590 600 nulla
606 545 720 598 venireta

59 631 139 698 Quid
157 649 215 686 tum
232 633 353 704 profeci,
369 650 472 688 mecum
488 631 611 686 facientia
626 629 685 698 jura

60 717 92 770 Si
102 733 195 770 tamen
203 714 456 788 attentasiqueter'is
466 712 781 788 superhocetiam,qudd

61 803 224 872 Exspatiata
240 804 289 860 tibi
307 821 363 858 noo
379 804 482 859 mittam
500 804 615 858 carmina
629 803 751 856 mendax.
793 801 834 872 a?

59 890 170 943 Luculli
189 889 267 943 miles
285 888 394 944 collcdta
411 890 509 943 viatica
527 887 618 942 multis

58 975 219 1042 AErumnis‚
235 975 312 1030 laffus
330 979 392 1030 dum
410 976 491 1031 nostri
508 975 607 1040 stertit,
620 975 653 1028 ad
667 972 746 1027 adem

60 1055 785 1132 Perdideratzpoiihocvehemenslupus,&sibi,&lroiii

61 1147 153 1200 Iratus
172 1147 291 1216 pariter,
309 1147 406 1215 jejunis
424 1148 544 1202 dentibus
564 1163 641 1211 acer,
825 1215 828 1222 Ι

62 1232 224 1286 Praesidium
242 1236 329 1302 regale
347 1235 409 1287 loco
426 1233 541 1300 dejecit,
555 1248 586 1286 ut
602 1233 695 1296 aiunt,
799 1235 836 1298 ,ο

62 1317 179 1372 Summe
195 1319 319 1382 munito,
330 1319 357 1372 ἀ
370 1322 511 1372 multarum
527 1318 611 1371 divite
626 1333 725 1370 rerunt.

63 1407 164 1458 Clarus
183 1405 218 1457 ob
236 1403 263 1457 id
278 1403 391 1469 facium,
407 1405 483 1457 donis
501 1419 608 1458 ornatur
622 1401 761 1458 honestist

62 1489 175 1558 Accipit
192 1479 273 1542 &bis
290 1491 356 1542 dena
372 1489 448 1558 super
464 1488 577 1542 sestertia
593 1487 740 1542 nummdm.

62 1573 148 1626 Forte
163 1573 210 1626 sub
223 1573 275 1627 hoc
290 1587 393 1641 tempus
410 1572 541 1626 castellum
556 1588 675 1626 evertere
686 1572 788 1627 Praetor

65 1657 169 1712 Nescio
186 1659 259 1728 quod
275 1657 402 1726 cupiens,
415 1657 517 1712 hortari
533 1657 617 1727 coepit
631 1659 752 1711 eumdem
800 1665 833 1723 35

62 1740 181 1805 Verbis,
190 1759 248 1810 quae
258 1741 354 1794 timido
365 1759 471 1811 quoque
482 1741 585 1810 possent
595 1745 687 1797 addere
699 1759 814 1796 mentem
825 1761 834 1796 a

64 1831 95 1894 l,
108 1831 200 1889 bone,
210 1827 263 1896 qud
275 1827 362 1880 virtus
379 1843 424 1880 tua
438 1843 464 1880 te
479 1844 572 1893 vocat,
585 1830 594 1881 i
608 1831 674 1898 pede
688 1828 788 1888 fausto,

67 1913 194 1969 Grandia
209 1914 306 1966 laturus
323 1911 480 1966 meritorum
496 1913 612 1982 praemia.
629 1913 701 1979 Quid
716 1913 789 1968 stas?

68 1998 135 2052 Post
149 1997 208 2050 lraec
223 1998 269 2050 ille
283 2011 372 2056 catus,
384 1997 553 2066 quantumvis
568 1997 694 2061 rusticus,
707 1997 770 2061 ibit,

69 2082 128 2135 lbit
143 2079 178 2133 εὸ
192 2080 247 2150 qud
260 2079 321 2144 vis,
337 2080 384 2150 qui
398 2099 494 2134 zonam
509 2081 640 2149 perdidit,
655 2081 753 2152 inquit.
802 2095 839 2144 4ο

68 2167 169 2218 Romo
183 2163 277 2218 nutriri
295 2165 361 2217 mihi
378 2163 509 2234 contigit,
527 2180 605 2234 atque
622 2166 729 2233 doceri,

67 2255 157 2305 iratus
174 2249 263 2304 Graiis
282 2265 409 2319 quantum
426 2247 555 2303 nocuisset
570 2247 695 2305 Achilles.

67 2337 201 2406 Adjecere
215 2339 293 2389 bonae
308 2333 389 2404 pauli>
405 2338 465 2403 plus
480 2334 544 2387 artis
562 2334 685 2401 Athena,
759 2405 760 2410 Ἰ
784 2353 788 2366 ·

67 2423 181 2482 Scilicet
198 2437 227 2474 ut
244 2419 345 2490 poliam
363 2437 447 2473 curvo
465 2419 618 2489 dignoscere
635 2422 754 2488 tellum,

67 2515 162 2582 Atque
175 2509 246 2562 inter
259 2508 351 2578 sylvas
366 2505 490 2557 Academi
504 2523 619 2575 quatere
634 2523 739 2562 verum.
805 2517 843 2570 45

68 2603 150 2654 Dura
165 2595 211 2648 sed
224 2607 351 2646 emovere
365 2592 428 2643 loco
443 2607 486 2644 rare
501 2604 621 2660 tempora
637 2609 729 2663 grator

72 2679 226 2748 civilisque
241 2677 331 2728 rudem
345 2674 409 2728 belli
423 2675 484 2729 tulit
498 2675 571 2730 astus
586 2676 615 2727 in
629 2692 716 2739 arma,

73 2767 188 2821 Caesaris
202 2761 309 2832 Augusti
327 2778 384 2814 non
401 2763 556 2829 responsura
571 2763 685 2816 lacertis.

71 2859 154 2912 Unde
173 2853 252 2906 simul
270 2850 385 2918 primitm
403 2865 446 2900 me
465 2849 586 2901 dimisere
605 2846 721 2918 Philippi
810 2845 812 2858 ⁴

73 2940 181 3000 Decisis
200 2935 328 2994 humilem
348 2931 443 3005 pennis
455 2971 463 2998 ,
477 2932 639 3004 inopemque
656 2933 759 3002 paterni
808 2923 844 3003 ,ὃ

573 3023 599 3079 0
619 3025 649 3095 iij
