1922 3598
229 371 256 437 L
279 379 298 438 ι’
322 385 349 438 n
374 389 399 438 E
424 389 450 436 rr
510 365 539 434 s.
676 363 742 454 26¹9

28 480 149 552 labitur,
169 486 314 545 &labetur
333 491 363 544 in
382 506 462 542 omne
481 483 609 540 volubilis
629 499 727 536 aevum.

30 571 161 636 Quaeritur
179 591 333 646 argentum,
351 575 492 645 puerisque
511 573 587 626 beata
600 569 722 651 'creandis

28 657 118 722 Uxor,
134 659 161 712 &
178 659 284 714 incultae
304 675 434 730 pacantur¹
448 673 562 712 vomere
579 655 673 725 sylvae.
759 665 791 714 45

31 742 105 806 Quod
116 745 178 797 satis
188 745 239 810 est,
249 747 293 801 cui
302 746 435 816 contingit
443 785 450 809 ‚
458 744 525 796 nihil
537 741 650 810 amplius
661 753 745 808 optet.

29 827 87 878 Non
103 830 201 882 domus
219 831 246 882 δι
259 833 369 896 fundub,
380 833 436 884 non
452 829 512 882 aeris
529 843 638 880 acervus
654 821 748 878 &auri

29 911 138 982 AEgroro
160 916 264 990 domini
283 916 391 986 dednxit
410 932 523 983 corpore
542 914 647 976 febres,

28 997 86 1048 Non
105 999 199 1052 animo
219 1017 302 1054 curas.
319 987 414 1054 Valeat
432 997 560 1070 possessor
578 1009 703 1067 oportet,

31 1082 54 1132 Si
72 1085 248 1153 comportatis
268 1088 344 1140 rebus
362 1088 429 1138 bene
448 1086 549 1155 cogitat
567 1084 645 1142 urbs„
762 1094 796 1144 50

31 1166 81 1230 Qui
91 1170 183 1237 cupit,
192 1185 237 1222 aut
248 1171 351 1234 metuit,
359 1171 434 1238 juvat
445 1171 521 1246 illum
534 1169 572 1222 sic
583 1171 678 1220 domus
690 1181 798 1230 autres,

31 1249 66 1301 Ut
83 1253 188 1321 lippum
207 1253 284 1323 pistae
303 1258 415 1319 tabulae‚
431 1256 551 1308 fomenta
570 1255 728 1323 podagram,

30 1333 163 1390 Auriculas
182 1338 288 1392 cithara
307 1340 418 1394 colles&
439 1333 514 1392 sorde
534 1341 663 1391 dolentes.
683 1358 689 1370 ¹

32 1419 167 1477 Sincerum
178 1424 214 1478 est
225 1426 278 1478 nisi
287 1443 334 1478 vas
342 1466 349 1490 ‚
357 1426 542 1494 quodcumque
553 1423 668 1476 infundis
677 1463 683 1486 ,
691 1420 796 1475 acescit.

33 1503 130 1570 Sperne
139 1512 291 1578 voluptates
300 1530 308 1564 r
318 1526 398 1564 nocet
409 1524 499 1579 empta
510 1511 604 1562 dolore
614 1511 748 1576 voluptas.
764 1521 793 1573 55

33 1590 139 1660 Semper
157 1612 252 1648 avarus
271 1610 350 1666 eget;
367 1610 468 1648 certum
487 1609 557 1646 voro
576 1607 637 1661 pete
656 1591 747 1647 finem.

32 1674 136 1732 Invidus
156 1681 264 1732 alterius
283 1679 420 1733 macrescit
439 1681 516 1731 rebus
536 1679 646 1748 opimis.

32 1760 132 1814 invidid
152 1763 236 1815 Siculi
255 1781 310 1815 non
329 1766 455 1816 invenere
474 1765 582 1834 tyranni

33 1845 115 1912 Mnjus
136 1861 309 1901 tormentum.
330 1849 384 1914 Qui
404 1865 459 1902 non
478 1850 656 1903 moderabitur
674 1849 736 1913 irae,

33 1928 158 1984 Infettum
170 1935 247 1984 volet
257 1932 322 1997 effe,
333 1936 414 1987 dolor
425 1937 496 2003 quod
507 1936 615 1988 suaserit
625 1937 650 1988 δι
661 1951 750 1998 mens,
762 1930 799 1982 60

36 2014 102 2069 Dum
120 2035 215 2086 poenas
235 2019 299 2071 odio
319 2035 366 2087 per
383 2019 440 2071 vim
459 2019 562 2073 festinat
581 2021 679 2074 inusto.

37 2099 73 2152 Ira
82 2103 156 2154 furor
168 2102 257 2155 brevis
269 2103 313 2155 est.
323 2104 449 2154 Animum
461 2121 536 2172 tege,
546 2104 593 2172 'qui
603 2103 656 2154 nisi
668 2117 755 2171 paret,
774 2111 778 2142 ¹

39 2183 145 2254 imperat
158 2208 164 2240 :
178 2189 250 2240 hune
264 2188 361 2250 frenis,
371 2189 442 2239 hunc
456 2201 485 2238 tu
497 2189 635 2255 compesce
650 2187 751 2243 catena.

38 2269 121 2340 Fingit
140 2289 239 2340 equum
258 2271 347 2324 tenera
364 2271 477 2324 docilem
493 2273 597 2324 cervice
613 2273 734 2342 magister

40 2352 74 2405 lre
84 2356 251 2430 viam,quam
263 2355 388 2408 monstrat
399 2356 687 2424 eques.Venatic·us‚ex
697 2375 750 2426 quo
764 2359 797 2422 65

40 2439 167 2508 Tempore
186 2440 321 2493 cervinam
341 2442 438 2508 pellem
456 2439 564 2492 latravit
583 2440 611 2491 in
630 2445 707 2505 aula,

41 2523 133 2578 Militat
151 2526 181 2577 in
200 2527 283 2594 sylvis
303 2526 415 2577 catulus.
434 2525 512 2576 Nunc
530 2526 620 2580 adhibe
639 2545 707 2595 puro

42 2605 145 2662 Pedore
160 2611 254 2674 verba,
265 2627 331 2679 puer
345 2628 353 2670 ;
371 2625 441 2662 nunc
459 2624 485 2661 te
502 2611 655 2664 melioribus
668 2613 750 2666 offer.

43 2693 99 2756 Quo
117 2697 198 2750 semel
214 2695 250 2746 est
266 2697 364 2746 imbuta
381 2711 472 2746 recens
485 2732 493 2756 ‚
508 2695 623 2748 servabit
640 2699 751 2748 odorem

42 2776 111 2832 Testa
130 2780 184 2832 diu.
200 2777 281 2846 Qubd
300 2779 323 2831 si
342 2777 438 2843 cefi‘as,
451 2794 495 2831 aut
513 2780 631 2832 strenuus
652 2779 749 2844 antris,
764 2801 802 2849 70

43 2862 93 2916 Nec
109 2867 208 2918 tardum
226 2863 368 2932 opperior,
384 2879 433 2916 nee
449 2863 656 2932 praecedentibus
673 2865 752 2920 insto.

530 3034 607 3100 Miii
