1916 3602
224 261 293 349 264
368 263 793 332 Enrsrocnnunt
830 237 853 284 7

173 377 930 458 Quidverumatquedecens,curo&rogo,&onrnisinhocl

222 471 318 522 Condo
329 472 497 541 &compono
505 513 512 538 ‚
520 490 578 542 quae
590 491 653 526 mox
663 476 816 541 depromere
827 467 917 538 possin.

221 555 259 608 Ac
274 573 307 608 ne
318 556 388 610 sort'e
403 575 495 627 roges,
507 575 561 627 quo
574 576 616 610 me
628 561 707 621 duce,
717 575 771 626 quo
783 558 845 608 Late
856 570 920 620 tuter,

220 641 326 694 Nullius
344 643 460 695 addictus
478 642 564 710 jurare
581 645 610 696 in
625 646 706 696 verba
724 641 852 711 magistri,

176 739 206 790 15
222 727 284 792 Quo
297 744 338 780 rne
350 745 463 797 cumque
475 729 543 798 rapit
555 729 710 798 tempestas,
720 729 822 782 deseror
830 726 916 794 hospes.

221 813 300 864 Nunc
316 813 392 882 agilis
408 813 465 876 sio,
482 814 508 864 δι
522 815 623 867 mersor
642 815 770 867 civilibus
786 813 873 876 undis,

180 901 183 905 ’
222 899 336 951 Virtutis
353 916 423 951 verae
439 898 543 964 custos,
558 900 711 970 rigidusque
727 900 847 958 satelles3
926 918 929 926 ·

222 985 299 1036 Nunc
317 984 345 1036 in
360 983 485 1052 Aristippi
504 985 594 1038 sursint
612 1001 748 1054 precepta
765 987 873 1045 relabor,

223 1071 255 1122 Et
270 1069 337 1122 milri
353 1087 408 1133 res,
422 1087 477 1122 non
495 1086 537 1122 rne
552 1072 629 1123 rebus
647 1069 804 1140 subiungere
818 1083 896 1120 conor.

177 1171 211 1211 20
223 1157 261 1208 Ut
278 1171 334 1208 nox
348 1157 442 1224 longa,
457 1154 551 1224 quibus
567 1155 697 1207 mentitur
712 1157 809 1218 amica,
821 1153 906 1219 diesque

225 1242 316 1310 Longa
333 1240 437 1292 videtur
453 1257 521 1306 opus
539 1239 694 1292 debentibus
708 1259 716 1300 ;
732 1256 762 1292 ut
776 1241 846 1309 piger
858 1248 917 1287 annus

226 1324 352 1394 Papiriis,
368 1340 435 1393 quos
452 1327 513 1376 dura
530 1325 626 1392 premit
642 1325 763 1378 custodia
778 1337 892 1378 matrum

177 1408 222 1461 Sic
234 1408 300 1460 milri
311 1410 381 1460 tarda
392 1409 491 1470 fluunt,
503 1409 658 1478 ingrataque
669 1425 808 1479 tempora,
818 1426 867 1478 que
876 1406 924 1471 spem

229 1494 433 1562 Consiliumque
444 1508 581 1546 morantur
592 1495 685 1563 agendi
697 1495 819 1566 gnaviter
827 1487 918 1559 inquot

181 1594 212 1646 25
228 1579 313 1649 AEqud
328 1580 485 1648 pauperibus
497 1579 615 1648 prodest,
624 1582 805 1648 locupletibus
816 1575 893 1648 aequ'el

234 1664 321 1734 AEqu'e
333 1666 480 1734 neglenum
491 1665 578 1733 pueris
590 1665 749 1735 senibusque
760 1665 866 1720 nocebit.

181 1750 268 1804 Restat
282 1751 362 1803 uthis
374 1767 425 1820 ego
437 1767 479 1803 me
489 1750 545 1818 ipse
557 1752 788 1821 regant,solerque
799 1742 918 1805 elementis.

231 1839 295 1888 Non
305 1837 392 1904 possis
404 1837 497 1887 oculos
509 1851 637 1904 quantum
648 1840 809 1890 contendere
818 1837 919 1904 Lynceub

230 1925 293 1974 Non
305 1937 392 1974 tamen
403 1920 502 1972 idcirco
513 1936 667 1974 contemnas
678 1921 770 1991 lippus
783 1918 879 1988 inungi:

184 2013 218 2066 30
230 2011 302 2070 Nec,
313 2008 373 2076 quia
386 2007 504 2074 desperes
518 2005 614 2058 invidli
629 2010 746 2060 membra
760 2003 894 2077 Glyconis,

230 2095 339 2146 Nodosd
356 2110 451 2160 corpus
469 2091 538 2143 nolis
555 2092 694 2158 prohibere
711 2091 837 2162 clriragrd.

230 2177 272 2229 Est
289 2176 523 2252 quddnmprodire
539 2191 633 2240 tenus,
648 2177 671 2229 si
687 2181 833 2230 nondatut
847 2166 904 2226 und.

230 2249 326 2315 Fervet
344 2264 472 2326 avaritid,
488 2262 637 2331 miseroque
655 2264 779 2329 cupidine
796 2260 893 2332 pedus?

232 2347 298 2408 Sunt
311 2349 390 2399 verba
402 2347 428 2399 δι
437 2364 532 2409 voces,
544 2348 637 2415 quibus
650 2348 719 2400 hunc
731 2351 813 2401 lenire
824 2347 916 2398 dolorem

184 2439 216 2496 35
232 2431 340 2498 Possis,
356 2435 381 2485 δι
395 2451 516 2502 magnam
534 2433 621 2485 nrorbi
638 2435 771 2500 deponere
788 2446 885 2502 partein.

199 2583 204 2591 ι
233 2517 326 2569 Laudis
341 2535 430 2570 amore
445 2534 530 2570 tumes
541 2520 551 2570 l
563 2519 623 2570 sunt
637 2534 707 2570 certa
722 2520 836 2587 piacula,
846 2522 916 2584 quere

231 2603 285 2662 Ter
301 2602 366 2671 pure
382 2601 452 2654 lesio
470 2616 595 2670 poterunt
615 2620 731 2656 recreare
746 2605 842 2657 libello.
932 2645 933 2670 p

232 2687 357 2752 Invidus,
371 2689 508 2741 iracundus
519 2726 527 2750 ‚
537 2686 611 2750 iners
623 2727 630 2750 ,
644 2687 771 2752 vinosus,
785 2683 892 2740 amator?

233 2777 320 2826 Nemo
335 2776 400 2826 adeo
415 2774 485 2826 ferus
500 2771 536 2822 est
549 2810 556 2833 ,
571 2787 601 2822 ut
616 2788 672 2824 non
687 2771 822 2825 mitescere
837 2759 915 2838 possit,
932 2821 933 2846 Χ

185 2865 221 2914 40
233 2860 261 2910 Sl
278 2857 359 2912 modo
376 2861 482 2910 culture
500 2855 644 2925 patientem
660 2860 809 2913 commodet
824 2864 904 2909 aurem.

846 2943 916 3000 Virtus
