1916 3602
196 311 261 406 198
336 320 767 394 Sarraaauaa

191 435 281 504 Maius
299 455 436 508 peccatum
454 442 491 497 est
505 447 518 499 ,²
534 445 642 515 paulum
661 443 772 513 deliquit
790 437 920 504 amicus}

146 517 179 583 δί
194 523 274 590 Quod
292 525 345 580 nisi
364 531 508 594 concedas,
523 531 633 587 habeare
652 530 789 584 insuavis:
804 529 919 582 acerbus

191 609 297 676 Odisti,
314 613 340 666 δι
356 614 443 685 sugis,
457 631 488 669 ut
503 618 654 672 Drusonem
673 615 777 670 debitor
793 614 880 668 aris:

190 695 247 762 Qui
263 697 333 763 nisi,
344 717 426 770 quum
441 701 526 757 tristes
542 703 640 756 misero
656 718 754 756 venere
767 700 919 765 Kalendae,

190 781 919 850 Mercedem‚autnumnaosundeundeextricat,atnaras

190 865 318 926 Purreilo
334 869 428 942 jugulo
444 873 582 940 historias,
596 875 718 944 captivus
733 887 779 935 ut,
792 871 880 926 audit.

145 962 181 1014 90
194 956 363 1010 Comminxit
380 958 478 1026 lesbum
496 975 594 1028 potus,
609 959 736 1013 mensave
756 957 880 1010 catillum

191 1040 307 1094 Evandri
321 1044 441 1100 manibus
457 1044 549 1098 tritum
564 1044 660 1113 dejecit
672 1063 681 1105 ;
697 1046 732 1106 ob
746 1045 813 1096 hanc
827 1059 907 1107 rem,

191 1126 246 1178 Aut
255 1126 376 1196 positum
386 1127 447 1183 ant'e
458 1147 517 1184 ntea
528 1131 590 1199 quia
600 1133 702 1200 pullum
712 1129 741 1183 in
748 1143 823 1199 parte
831 1129 917 1182 catini

191 1209 299 1266 Sustulit
317 1213 451 1280 esuriens,
467 1215 556 1270 minus
573 1216 626 1270 hoc
645 1214 773 1282 iucundus
793 1215 899 1270 amicus

193 1295 232 1348 Sit
248 1295 315 1349 mihi
327 1300 338 1351 l
350 1299 423 1365 Quid
439 1299 548 1365 saciant,
559 1302 582 1353 si
596 1302 695 1354 furtum
707 1300 799 1354 fecerit
809 1303 819 1354 l
831 1317 879 1354 aut
893 1302 917 1356 si

147 1391 179 1443 9⁵
194 1381 341 1438 Prodiderit
359 1385 494 1439 commissa
512 1384 578 1449 fide,
593 1386 754 1454 sponsumve
770 1385 898 1458 negarit?

193 1468 278 1534 Queis
295 1469 370 1538 paria
385 1470 437 1524 esse
452 1470 509 1526 sere
524 1471 621 1540 placuit
638 1486 761 1540 peccata,
776 1473 915 1536 laborant,

192 1556 284 1621 Quum
292 1573 405 1610 ventum
415 1559 446 1611 ad
454 1574 549 1611 veruna
558 1556 864 1626 esttsensus‚moresque
873 1574 948 1626 repug

192 1640 279 1709 Atque
296 1641 351 1710 ipsa
367 1642 488 1706 utilitas,
503 1642 564 1710 justi
579 1641 664 1710 prop'e
680 1659 779 1706 mater,
793 1643 819 1694 δι
833 1643 914 1713 aequi.

194 1725 283 1790 Quum
302 1728 490 1796 prorepserunt
507 1727 601 1798 primis
621 1729 744 1781 animalia
763 1729 858 1792 terris,

137 1830 184 1869 100
194 1813 300 1867 Mutum
310 1813 418 1881 &turpe
426 1815 649 1884 pecus,glandem
656 1828 735 1882 arque
742 1812 838 1869 cubilia
846 1829 957 1883 propter*

193 1901 333 1970 Unguibus
345 1900 371 1952 ἃ
380 1899 558 1968 pugnis,dein
568 1899 771 1968 fustibus,atque
782 1899 819 1952 ita
830 1917 915 1968 porro

193 1988 345 2058 Pugnabant
361 1985 458 2048 armis,
472 2002 530 2054 quae
548 1983 606 2054 post
623 1984 795 2038 fabricaverat
812 1986 910 2062 usust·

192 2055 288 2128 Dunec
303 2073 400 2136 verba,
412 2070 506 2142 quibus
520 2087 603 2126 voces
617 2071 757 2139 sensusque
773 2085 911 2136 notarent,

193 2159 361 2230 Nomiuaque
379 2157 516 2211 invenere.
535 2156 640 2209 Dehinc
659 2155 781 2209 absistere
800 2160 887 2223 bello,

137 2261 182 2311 ¹05
195 2244 304 2315 Oppida
322 2229 462 2313 coeperunt
479 2242 600 2308 munire,
619 2241 645 2294 ba
663 2258 763 2310 ponere
782 2244 873 2313 leges,

193 2334 235 2384 Ne
248 2331 307 2402 quis
322 2331 364 2385 sur
376 2328 456 2388 esset,
472 2345 525 2381 neu
538 2330 624 2391 latro,
640 2345 692 2381 neu
706 2329 766 2397 quis
782 2331 893 2383 adulter.

192 2419 261 2472 Nam
279 2415 331 2470 fuir
346 2430 406 2469 ante
421 2415 550 2468 Helenam
567 2425 668 2466 cunnus
686 2413 822 2470 teterrima
838 2416 898 2470 belli

193 2502 278 2556 Causa
292 2519 301 2561 r
318 2501 363 2554 sed
380 2500 480 2571 ignotis
499 2499 634 2570 perierunt
652 2499 781 2554 mortibus
800 2501 861 2566 illi,

193 2587 271 2657 Quos
280 2588 412 2642 Venerem
425 2585 553 2638 incertam
567 2585 698 2653 rapientes
711 2603 786 2641 more
796 2588 908 2642 serarum

138 2673 301 2748 treviribus
320 2671 568 2736 editior-radebat,
585 2683 616 2726 ut
634 2669 663 2722 in
681 2688 760 2742 grege
779 2685 878 2728 taurus.

193 2761 262 2833 Jura¹
275 2759 385 2812 inventa
403 2771 477 2810 meru
495 2754 584 2823 injusti
602 2751 699 2810 fateare
717 2757 818 2812 necesse
837 2759 890 2824 est.

194 2847 328 2913 Tempora
346 2844 371 2897 si
388 2841 517 2910 fastosque
535 2841 604 2894 velis
623 2844 752 2896 evolvere
770 2845 870 2902 mundi.

194 2932 251 2990 Nea
265 2933 366 2986 Nattua
381 2927 467 2998 potest
484 2926 553 2995 justo
572 2927 705 2986 secernere
725 2927 861 3002 iniquum.
