1916 3602
212 375 277 470 ηδ
423 366 721 453 Eronos

208 503 285 574 Fugit
303 501 445 571 juventas,
465 507 491 560 δι
509 507 674 561 verecundus
691 505 774 558 color

208 587 327 660 Reliquit
346 607 412 652 ora,
430 595 501 660 pelle
519 591 613 645 amicia
631 589 729 646 luridi.
835 661 838 664 Ι

209 675 276 728 Tuis
295 677 406 744 capillus
425 679 499 730 albus
518 679 554 732 est
573 679 710 732 odoribus.

208 761 320 814 Nullum
339 780 354 815 a
372 766 462 817 labore
481 782 524 820 me
544 765 653 817 reclinat
671 763 784 818 orium:

163 857 195 912 25
209 848 294 917 Urget
312 849 383 902 diem
402 865 475 915 nox,
491 853 517 903 &
533 851 589 904 dies
608 849 716 903 nostem
730 869 740 910 3
756 862 845 918 noque
862 842 896 897 eli

212 931 311 988 Levare
331 949 404 988 renea
425 934 520 1004 spiriru
540 936 695 1004 precordia.

210 1018 281 1087 Ergo
301 1035 424 1089 negatum
443 1020 539 1072 vincor
558 1035 588 1072 ut
605 1021 710 1072 credam
730 1018 814 1072 miser

212 1103 313 1156 Sabella
332 1103 423 1172 pestus
442 1105 578 1176 increpare
598 1105 737 1170 carmina,

213 1191 352 1258 Capurque
371 1190 460 1244 Marsi
480 1190 595 1244 dissilire
614 1191 710 1243 naenia.

166 1287 201 1343 30
212 1274 285 1342 Quid
303 1275 415 1343 amplius
434 1276 504 1330 vis?
521 1275 539 1330 ὀ
554 1280 560 1330 i
578 1275 698 1339 mare‚‹“>
714 1279 719 1328 !
740 1290 828 1336 terra,
842 1269 925 1330 ardeofi

213 1359 349 1426 Quantum
369 1377 455 1430 neque
474 1376 532 1412 arro
551 1360 681 1413 delibutus
698 1357 831 1414 Hercules
930 1416 932 1421 ,

213 1445 293 1498 Nessi
311 1462 425 1507 cruore,
443 1463 493 1499 nec
512 1445 606 1499 Sicana
624 1444 727 1499 fervida

214 1530 312 1584 Vireos
331 1532 360 1584 in
375 1532 452 1584 AEtna
472 1531 600 1584 flamma:
619 1545 665 1592 ru,
681 1533 770 1584 donec
789 1527 855 1583 cinis

185 1603 195 1614 '¹
215 1615 356 1683 lnjuriosis
374 1617 462 1674 aridus
480 1616 571 1669 ventis
591 1617 675 1680 ferar,

168 1714 198 1771 ,ς
214 1701 293 1756 Cales
312 1703 425 1756 venenis
445 1703 550 1757 officina
571 1701 712 1756 Colchicis.

215 1788 281 1855 Quae
299 1787 361 1841 finis
379 1791 390 1843 l
408 1803 453 1841 aut
472 1789 544 1858 quod
563 1805 606 1840 me
625 1802 714 1841 manet
731 1777 910 1856 stipendium?

215 1873 301 1927 Effare
316 1890 323 1925 ε
340 1873 419 1941 julias
440 1891 500 1927 curn
519 1872 571 1926 fide
590 1889 684 1942 poenas
702 1876 794 1938 luarn.

216 1958 323 2014 Paratus
345 1959 471 2027 expiare,
493 1959 539 2011 seu
558 1958 713 2026 poposceris

218 2047 332 2098 Centiim
351 2041 481 2111 juvencos
496 2061 505 2104 ;
521 2042 579 2096 sive
598 2041 716 2098 mendaci
734 2042 796 2114 lyra

130 2137 137 2147 '
169 2131 300 2191 40Voles
319 2128 416 2183 sonari.
435 2130 478 2180 Tu
497 2128 611 2198 pursrca,
629 2141 658 2179 tu
676 2128 760 2195 proba

218 2215 414 2270 Perambulabis
432 2213 496 2266 astra
515 2214 586 2266 sidus
606 2227 723 2268 aureum.

217 2301 326 2354 infamis
346 2301 456 2353 Helena
476 2297 567 2351 Castor
586 2295 701 2351 offensus
720 2296 828 2361 vicem,

218 2387 358 2454 fraterque
377 2385 466 2456 magni
487 2382 621 2446 Castoris,
638 2379 704 2436 villi
722 2400 800 2452 prece

220 2471 350 2538 Adempra
367 2469 426 2522 vari
444 2467 579 2522 reddidere
597 2467 706 2523 lumina.

169 2565 206 2622 45,
218 2557 252 2619 Et
272 2571 301 2608 ru
316 2556 328 2623 v(
340 2569 418 2623 potes
437 2553 522 2620 nam)
540 2554 616 2606 solve
635 2569 677 2605 me
696 2549 844 2615 clementii,

221 2643 249 2696 Ο
266 2647 272 2698 !
292 2659 341 2695 nec
359 2641 477 2710 paternis
497 2639 615 2692 obsoleta
633 2637 768 2703 sordibus,

220 2728 276 2780 Nec
295 2727 324 2779 io
339 2724 468 2795 'sepulcris
488 2739 633 2792 pauperum
651 2724 763 2790 prudens
781 2735 843 2776 anus

190 2880 201 2890 μ
217 2811 399 2866 Novendiales
418 2809 546 2878 dissipare
567 2809 701 2876 pulveres.
