1980 3614
197 256 244 344 34·
352 244 754 322 'canistrum

169 365 307 439 slmpune
327 382 413 424 tutum
433 389 481 442 per
499 389 592 428 nemus
611 377 718 426 arbutos

195 455 325 522 Quaerunt
343 458 473 522 latentes,
491 461 624 528 &thyma
643 457 728 512 deviae

232 539 342 594 Olentis
360 559 458 595 uxores
478 543 588 598 mariti:
649 589 653 598 .

226 642 230 650 ·
267 627 325 679 Nec
341 627 441 680 virides
460 643 580 680 metuunt
599 628 738 690 colubras,

195 711 252 763 Nec
272 709 407 763 Martiales
427 712 556 763 hoeduleae
574 715 652 780 lupos
668 731 676 771 3

151 808 185 848 xo
196 796 347 864 Utetunque
368 795 455 860 dulci,
471 797 609 866 Tyndari,
625 795 710 848 finon

232 881 344 945 Valles,
364 883 389 934 &
405 881 500 934 Ustieae
518 881 635 934 cubantis

269 965 351 1018 Levia
368 967 526 1033 personuere
546 966 615 1019 saxa.

195 1049 234 1104 Di
250 1067 293 1104 me
310 1065 437 1115 tuentur:
454 1052 504 1103 Dis
520 1051 603 1118 pietas
622 1067 696 1114 mea,
774 1088 778 1094 ·

196 1136 230 1190 Et
248 1136 319 1188 musa
337 1136 411 1188 cordi
427 1135 472 1190 est.
491 1136 562 1189 Hinc
578 1135 628 1188 tibi
645 1135 724 1204 copia

151 1238 183 1294 ις
235 1221 356 1274 Manebit
373 1222 404 1273 ad
421 1223 529 1288 plenum
546 1220 661 1290 benigno

271 1305 350 1359 Ruris
367 1307 500 1358 honorum
518 1307 643 1374 opulenta
660 1318 754 1358 romu.

197 1391 251 1445 Hic
269 1390 298 1443 in
315 1390 417 1444 tedusta
434 1393 522 1450 valle,
539 1389 673 1442 Canicula

197 1476 305 1532 Vitabis
324 1475 399 1528 aestus
413 1491 422 1536 ς
441 1475 468 1527 &
482 1473 534 1526 fide
550 1473 616 1526 Teia

234 1562 317 1614 Dices
335 1562 483 1613 laborantes
500 1559 530 1610 in
545 1574 601 1610 uno

153 1667 190 1707 20
271 1646 424 1715 Penelopen
440 1645 605 1712 vitreamque
623 1640 728 1696 Circen.

199 1731 252 1785 nte
268 1730 419 1784 innocentis
437 1731 533 1799 pocula
546 1725 634 1780 Lesbii
655 1737 666 1760 ³

199 1817 290 1870 Duces
309 1817 354 1869 sub
371 1817 482 1876 umbrae
499 1830 547 1867 nec
561 1811 706 1866 Semeleius

236 1906 303 1956 Cum
322 1903 413 1976 Marte·
426 1901 569 1954 confundet
582 1900 734 1968 Thyoneus

271 1987 391 2046 Proelia3
407 1985 457 2044 neit
474 1999 575 2037 metues
593 1997 748 2050 protervum

3 2121 4 2165 p
153 2095 184 2150 25
198 2063 324 2142 'Suspecta
342 2075 459 2141 Cyrum,
476 2087 509 2122 ne
525 2066 594 2121 mal'e
611 2067 706 2135 dispari

3 2169 4 2254 p
200 2159 398 2214 incontinentes
416 2154 520 2220 injiciat
537 2169 650 2211 manus3

3 2255 4 2304 ἶ
237 2245 269 2297 Et
287 2242 385 2296 scindat
401 2241 545 2294 herentem
562 2253 688 2290 coronam

275 2326 412 2390 Crinibus,
427 2325 638 2392 immeritamque
654 2320 764 2375 vestem.

534 2536 582 2632 ἃ
