2058 3610
310 274 528 370 Lrnrn
586 303 690 370 III.
792 319 854 394 103

111 409 259 468 Mollior
276 433 324 471 nec
342 435 369 474 te
387 423 480 476 feriam
492 463 501 488 ,
514 440 565 476 nec
582 423 651 476 intra

251 500 366 558 claustra
384 509 491 563 tenebo.

124 581 186 635 Me
206 599 284 651 pater
301 589 377 644 saevis
396 608 490 646 oneret
509 593 627 659 catenis,
870 601 903 653 45

127 667 225 733 Qurid
242 671 305 726 viro
324 677 439 730 clemens
458 679 556 732 misero
575 680 705 748 peperci:

116 752 185 806 ‚Me
206 757 253 808 vel
272 773 406 816 extremos
421 763 595 818 Numidarum
609 764 644 818 -in
661 781 739 836 agros
835 789 839 794 ·

252 842 335 898 Clafi'e
355 848 463 917 releget.
603 912 607 918 ,

124 921 166 980 1,
186 927 270 992 pedes
289 927 343 998 qui>
362 944 388 984 te
407 933 513 1002 rapiunt
533 935 559 988 δι
576 953 667 1001 aure,

124 1010 213 1062 Dum
231 1011 304 1067 favet
322 1033 385 1068 nox·
398 1019 425 1070 δι
439 1021 533 1074 Venus
549 1040 557 1074 τ
574 1019 585 1073 i
604 1021 718 1074 secundo
874 1035 905 1085 50

126 1093 260 1162 Omine,
275 1101 301 1152 ἃ
316 1101 398 1155 nostri
416 1121 563 1158 memorem
581 1106 702 1176 sepulcro

249 1183 333 1254 scalpe
351 1192 494 1257 querelam.

141 1307 857 1367 v=====amoeeae====a

199 1419 584 1512 CARMEN
651 1425 797 1514 ΧΗ.

260 1591 340 1650 An
384 1593 735 1653 ntorurru

163 1715 265 1786 Eam,
285 1720 374 1778 Hebri
393 1719 567 1802 adolescentis
587 1745 675 1782 amore
695 1738 820 1802 captam,

266 1809 366 1872 inertie
383 1811 414 1891 se
434 1835 469 1872 ac
489 1817 597 1874 desidie
617 1811 723 1893 dedtffe.

130 1934 312 2018 Miserarum
321 1965 358 2019 est
367 1984 452 2037 neque
463 1968 548 2021 amoti
557 1970 616 2021 dare
624 1969 715 2021 ludum
723 2007 729 2031 ,
738 1983 824 2036 neque
833 1962 903 2016 dulei

130 2051 209 2105 Mala
225 2048 293 2103 vino
310 2052 414 2117 lavere,
429 2067 474 2105 aut
490 2052 655 2117 exanimari,
669 2066 817 2106 metuentes

246 2135 345 2188 Patruae
362 2139 472 2191 verbera
487 2136 594 2208 lingua.
825 2133 828 2138 ¹

131 2218 201 2275 Tibi
215 2223 321 2289 qualum
336 2223 474 2291 Cythereae
488 2239 555 2291 puer
567 2223 638 2285 ales,
651 2219 700 2275 tibi
714 2224 797 2286 telas,

131 2307 319 2376 Operosaeque
334 2309 465 2361 Minervae
481 2307 593 2360 studium
607 2307 706 2374 aufert,
717 2309 853 2373 Neobule,
887 2329 897 2380 5

244 2391 357 2460 Liparaei
373 2395 447 2447 nitor
461 2393 563 2453 Hebrie

129 2478 221 2532 Simul
236 2477 330 2530 uniios
341 2477 477 2531 Tiberinis
494 2478 619 2531 humeros
634 2478 701 2531 lavit
717 2475 744 2531 in
758 2479 854 2543 undis,

128 2565 223 2633 Eques
237 2561 296 2629 ipso
309 2562 405 2616 melior
415 2563 637 2631 Bellerophonte,
648 2581 734 2633 neque
746 2581 853 2636 pugno,

243 2648 335 2714 Neque
351 2647 424 2722 segni
440 2649 507 2717 pede
521 2647 629 2720 vilius:

128 2731 216 2785 Catus
233 2731 303 2784 idem
320 2749 368 2800 per
383 2748 503 2800 apertum
520 2734 650 2803 fugientes
667 2733 768 2804 agitato
868 2759 902 2798 ιο

128 2818 224 2888 Grege
241 2833 337 2874 cervos
351 2816 479 2883 jaculari,
492 2818 518 2868 ἃ
532 2820 601 2870 celer
615 2821 671 2872 alto
686 2821 834 2878 latitantem
884 2887 886 2892 Ι

239 2901 374 2956 Fruticeto
392 2902 517 2971 excipere
533 2918 634 2970 aprum.

637 2989 707 3043 Eiv
