2006 3608
232 343 350 420 ltu
376 363 400 418 r
425 363 464 420 lt
499 341 564 419 ll.
691 354 759 440 313'

63 451 122 514 idox
137 465 242 523 trahitur
258 471 378 525 manibus
396 487 488 542 regum
502 471 608 524 fortuna
624 468 751 522 retortis't

61 542 137 601 Elseda
151 551 284 620 festinant,
300 555 416 624 pilenta,
432 555 576 626 petorrita,
589 571 671 608 naves
683 573 692 616 3

58 633 189 700 Captivum
208 654 328 708 portantr
345 644 426 707 ebur,
443 641 548 710 captiva
563 639 721 694 corinthus.

62 718 85 768 Si
100 719 163 774 foret
181 725 210 777 in
227 725 323 790 terris,
339 726 435 780 rideret
450 724 640 790 Democritus,
655 726 701 778 seu

60 800 189 862 Diversum
209 812 316 864 confusa
333 827 414 880 genus
434 811 561 880 panthera
579 813 700 872 carnelo,
775 813 823 868 195

59 889 113 943 Sive
128 896 234 964 elephas
253 897 326 949 albus
343 897 418 968 vulgi
436 908 606 950 conuerteret
623 909 690 950 orat
785 893 786 898 ’

59 975 182 1042 δ’ρεᾶπετ
198 983 329 1048 populum
344 981 415 1034 ludis
432 980 558 1034 attentius
575 979 657 1049 ipsis,

58 1060 91 1112 Ut
105 1063 152 1116 sibi
168 1068 329 1134 praebentem
342 1065 428 1119 mimo
443 1065 588 1134 speilacula
605 1068 700 1135 plura}

60 1145 196 1216 Scriptores
214 1165 304 1204 autem
321 1167 424 1204 narrare
442 1165 545 1220 putaret
562 1151 643 1204 asello

59 1232 177 1288 Fabellam
193 1237 282 1290 surdo.
299 1235 368 1288 Nam
385 1253 442 1305 quae
459 1235 714 1306 pervinceresvocet
777 1241 842 1290 πω

59 1317 174 1374 Evaluere
190 1323 303 1383 sonum,
316 1321 431 1374 referunt
447 1335 526 1390 quem
541 1319 628 1373 nostra
643 1321 765 1375 theatra?

59 1401 199 1473 Garganum
208 1403 312 1474 mugire
319 1419 397 1473 putes
405 1405 770 1470 nemus,autmareTuscum;

58 1485 135 1541 Tanto
151 1507 212 1542 cum
229 1489 339 1556 strepitu
355 1490 410 1542 ludi
426 1489 589 1560 spetiantur,
604 1491 631 1544 δι
644 1506 728 1556 artes,

57 1570 211 1644 Divitiaeque
229 1573 392 1643 peregrinae,
406 1575 500 1643 quihus
518 1576 615 1628 oblitus
632 1575 704 1628 aster

57 1657 139 1720 Quum
153 1660 223 1712 sterit
243 1659 271 1710 in
286 1659 379 1723 scena,
393 1658 526 1712 concurrit
542 1661 647 1712 dextera
662 1661 746 1712 laevae.
776 1666 827 1721 205

56 1741 130 1795 Dixit
141 1746 223 1796 adhuc
234 1744 354 1814 aliquid?
367 1743 411 1795 Nil
422 1744 493 1797 sani.
502 1745 573 1810 Quid
584 1747 669 1814 placer
680 1748 766 1816 ergo‘i

56 1825 120 1880 Lana
137 1829 282 1882 Tarentino
299 1828 388 1880 violas
407 1827 508 1881 imitata
524 1845 640 1884 veneno.

56 1911 90 1964 lc
104 1929 137 1965 ae
150 1913 222 1967 forte
231 1905 313 1982 'putes
328 1928 386 1978 me,
397 1929 455 1984 quae
468 1914 554 1968 lacere
567 1915 622 1984 ipse
634 1912 768 1981 recusem,

56 1999 141 2063 Quum
154 1999 227 2054 redii
241 1998 354 2051 tradent
369 1999 433 2062 alil,
447 2001 553 2052 laudare
567 2000 704 2069 malign'e3

58 2080 103 2133 llle
120 2101 164 2150 per
177 2085 318 2138 extentum
334 2085 422 2136 funem
439 2082 506 2134 inihi
521 2079 593 2150 posse
607 2083 713 2136 videtur
781 2096 834 2138 210

57 2166 95 2218 Ire
113 2170 209 2235 poeta,
226 2180 315 2220 meum
334 2167 379 2236 qui
396 2166 486 2235 peetus
505 2165 618 2219 inaniter
634 2169 722 2238 angit,

55 2254 158 2322 irritat,
172 2257 272 2309 mulcet
283 2291 290 2318 ,
303 2253 376 2306 falsis
395 2252 539 2306 terroribus
557 2252 667 2322 implet,

55 2335 767 2412 Urmagus;&mod<imeThebis‚modopunitA'thenit.

53 2427 155 2480 Verum
165 2443 229 2496 age,
240 2423 316 2476 &iris
325 2463 331 2484 ,
341 2422 386 2491 qui
398 2422 424 2474 se
435 2423 528 2477 lediori
539 2427 641 2480 credere
653 2432 768 2492 malunt,

55 2511 142 2578 Quirn
158 2509 314 2580 spedatoris
331 2507 429 2560 fastidia
446 2503 512 2560 ferre
528 2510 649 2580 superbi,
780 2523 829 2576 215
937 2509 944 2522 ⁸

52 2592 770 2668 Curamimpendebrevemtsimunuslrpollinedignurn
800 2599 802 2603 ’

54 2678 102 2729 Vis
120 2678 257 2744 complere
274 2675 364 2739 libris,
377 2677 403 2728 dt
416 2677 519 2730 vatibus
537 2680 629 2732 addere
645 2683 744 2745 calcar,

53 2767 90 2817 Ut
106 2763 196 2816 studio
211 2760 312 2827 majore
328 2775 417 2830 petant
431 2761 559 2814 Helicona
574 2764 716 2818 virentem.

55 2851 144 2902 Multa
157 2850 263 2918 quidem
276 2847 353 2900 nobis
366 2847 475 2900 lecimus
489 2850 556 2900 mala
569 2851 636 2918 saepe
649 2835 756 2920 potia,¹

52 2934 109 3000 (Ut
120 2934 215 2990 vineta
225 2948 330 3005 egomet
341 2937 436 2988 codam
448 2931 518 3001 ruea)
526 2953 609 3005 quum,
617 2938 666 2992 ribi
676 2941 772 2993 librum
784 2955 836 2995 220
848 2936 850 2939 ’

603 3028 629 3080 0
