1916 3602
209 317 429 392 bruun
469 313 571 392 IL*
659 339 721 407 24¹

16 465 17 512 ᾗ
53 426 154 501 insibus,
165 451 236 510 atque
251 446 357 506 oculi:
374 460 503 508 mentem,
517 443 570 498 nisi
585 442 730 513 litigiosus,
741 444 790 506 285

16 533 17 538 ¹
51 515 164 588 Exciperet
173 527 395 599 dominus‚quum
404 533 540 584 venderet.
549 531 608 581 Hoc
618 545 725 598 quoque
734 533 830 600 vulgus

52 603 188 677 Chrysippus
205 614 281 681 ponit
299 617 420 669 foecunda
440 616 468 668 in
487 629 564 684 gente
583 614 702 668 Meneni.

16 733 18 738 .
48 687 144 758 Jupiter,
159 695 273 767 ingentes
290 702 338 769 qui
357 705 400 754 das
419 700 563 768 adimisque
582 701 706 762 dolores,

49 774 116 829 Mater
131 781 164 833 uit
181 785 252 850 pueri
271 787 372 840 menses
390 787 443 852 jam
462 786 578 855 quinque
597 784 732 846 cubantis,

48 857 128 928 brigide
145 865 166 916 si
184 883 291 934 puerum
311 887 434 938 quartana
453 868 607 938 reliquerit,
626 869 674 920 illo
747 885 800 937 ²90

48 943 109 1000 Man'e
125 950 180 1014 die,
194 971 247 1020 quo
267 971 296 1008 tu
315 955 407 1008 indicis
426 955 541 1022 jejunia,
558 956 641 1007 nudus

47 1028 69 1081 ln
81 1033 160 1088 Tiberi
177 1038 257 1092 stabit.
274 1041 374 1105 Casus,
389 1042 538 1094 medicusve
557 1040 654 1093 levarit

48 1115 135 1186 Eurum
152 1139 185 1175 ex
203 1124 348 1193 praecipiti,
364 1141 446 1177 mater
464 1125 545 1178 delira
563 1122 669 1176 necabit

48 1197 72 1250 lu
84 1205 155 1271 gelida
172 1207 255 1261 fixum
274 1210 350 1278 ripa,
366 1209 511 1278 febrimque
531 1211 646 1261 reducet.

16 1335 17 1342 ,
49 1285 126 1351 Quone
137 1295 204 1346 malo
217 1309 334 1347 mentem
348 1293 467 1349 concutit
477 1297 488 1348 ἒ
498 1294 595 1345 timore
607 1293 738 1344 Deorum.
753 1311 802 1366 295

48 1369 98 1424 Hec
110 1376 169 1430 mihi
183 1379 339 1442 Stertinius,
350 1380 498 1446 sapientum
516 1377 642 1440 odbtvus,
652 1377 740 1429 emico

16 1479 18 1488 ·
47 1454 109 1513 Arma
125 1464 207 1528 dedit,
222 1465 330 1533 posthac
349 1480 382 1516 ne
401 1463 574 1530 compellaret
592 1461 701 1516 inultus.

47 1542 136 1600 Dixerit
150 1549 267 1604 insanum
284 1548 331 1618 qui
347 1565 403 1612 me,
414 1548 526 1600 totidem
541 1545 740 1614 audieturque

46 1625 163 1700 Respicere
182 1635 275 1705 ignoto
296 1634 377 1687 discet
395 1633 536 1701 pendentia
554 1648 639 1702 tergo.

45 1715 131 1784 Stoice,
141 1721 196 1789 post
210 1724 336 1774 damnum
352 1719 391 1770 sic
403 1721 502 1771 vendas
517 1717 606 1771 omnia
621 1718 723 1786 pluris:
757 1732 809 1784 300

46 1798 117 1863 Quam
133 1821 173 1858 mc
187 1805 325 1860 stultitiam
339 1803 484 1872 (quoniam
501 1821 556 1856 non
574 1803 610 1857 est
627 1820 709 1873 genus
723 1807 824 1873 unu'm)

45 1883 143 1942 Insanire
159 1906 233 1960 putas
249 1895 261 1945 .>
278 1907 332 1958 ego
353 1905 413 1940 nam
431 1887 526 1941 videor
544 1887 610 1940 mihi
629 1890 720 1948 sanus,

45 1970 126 2034 Quid?
141 1993 215 2045 caput
230 1973 367 2029 abscissum
382 1976 489 2027 demens
507 1992 587 2042 quum
603 1987 692 2042 portat
703 1973 795 2044 Agave

42 2055 95 2109 Nati
112 2060 239 2127 infelicis,
261 2060 312 2114 sibi
331 2077 387 2114 tum
405 2059 503 2126 furiosa
521 2057 654 2112 videtur?
769 2127 772 2136 ³

42 2143 143 2200 Stultum
160 2165 200 2202 me
219 2150 308 2202 fateor
324 2145 420 2212 (liceat
438 2145 581 2195 concedere
598 2143 690 2211 veris)
758 2160 806 2214 305

21 2227 120 2297 .Atque
137 2232 212 2286 etiam
235 2231 376 2284 insanum:
395 2229 497 2281 tantum
515 2230 567 2280 hoc
585 2229 709 2295 edisne,
727 2249 783 2302 quo
802 2250 846 2288 me

41 2311 166 2382 AEgrotare
184 2333 265 2387 putes
284 2315 366 2368 animi
384 2315 465 2368 vitio.
484 2315 601 2382 Accipe:
617 2316 732 2385 primum

43 2396 172 2466 AEdificas‚
187 2407 241 2456 hoc
260 2401 313 2464 est,
329 2404 426 2470 longos
446 2399 576 2464 imitaris,
591 2404 622 2454 ab
641 2403 697 2455 imo

39 2481 75 2534 Ad
93 2486 222 2540 summunt
241 2502 314 2539 totus
333 2484 435 2538 moduli
453 2485 597 2553 bipedalis,
614 2489 639 2540 δι
657 2488 727 2540 idem

41 2569 154 2639 Corpore
173 2573 301 2639 maiorem
320 2571 389 2624 rides
406 2571 537 2625 Turbonis
556 2572 585 2625 in
603 2573 682 2625 armis
760 2601 813 2653 310

42 2650 162 2719 Spiritum
171 2697 179 2721 ,
189 2659 215 2709 δι
227 2655 359 2710 inceffum.
374 2657 428 2722 Qui
441 2656 564 2709 ridiculus
578 2657 665 2710 minus
678 2658 748 2712 illo?

42 2737 80 2789 An
94 2745 280 2810 quodcumque
294 2741 356 2794 iacit
367 2742 514 2804 Maecenas,
524 2756 551 2793 te
565 2757 672 2809 quoque
685 2760 778 2798 verum
789 2745 842 2812 est,

41 2822 123 2879 Tanto
142 2828 317 2889 dissimilem,
334 2827 361 2878 dt
378 2841 453 2877 tanto
472 2839 571 2876 certare
590 2823 748 2882 minorem?

41 2906 160 2967 Absentis
178 2931 246 2968 rane
264 2911 344 2982 pullis
362 2909 526 2978 vitulipede
544 2909 659 2978 pressis,
