1922 3598
226 251 559 327 L1aanII.
685 253 756 360 ψ’

31 366 100 440 isam
111 371 230 441 proptia
241 377 343 430 telluris
354 377 447 429 lterum
456 377 557 429 Natura
567 391 653 446 neque
662 373 754 434 illum,

30 455 86 508 Nec
98 473 214 522 me‚nec
225 478 387 531 quemquam
398 461 498 516 statuit.
505 463 563 516 Nos
574 461 679 530 expulit
688 459 805 520 illeatlo

29 539 108 595 Illum
129 561 176 597 aut
194 547 348 616 nequities,
367 563 413 600 aut
431 547 501 601 vafri
519 547 626 602 inscitia
642 545 729 614 jutis,

28 625 197 684 Postremum
217 636 335 702 expellet
353 633 424 687 cette
443 633 568 688 vivacior
585 635 671 688 heres.

29 713 109 768 Nunc
128 734 194 787 ager
210 719 342 773 Umbreni
359 721 405 772 sub
424 719 554 786 nomine,
572 738 657 791 nuper
671 715 757 772 Ofelli

29 799 125 856 Didius
146 818 219 868 etat,
233 804 300 858 atilli
315 806 437 874 proprius
451 823 462 865 a
475 807 519 858 sed
532 807 602 862 cedit
615 807 645 860 io
659 807 735 859 usum

30 887 109 941 Nunc
126 889 216 950 mihi,
230 906 301 943 nuuc
317 891 373 944 alii.
391 891 525 957 Quocirca
540 892 627 944 vivite
643 893 743 954 sortes,
755 899 802 958 135Ι

30 972 178 1045 fortiaque
196 977 314 1029 adversis
332 975 463 1046 opponite
480 976 590 1045 pediota
608 979 695 1030 rebus.

45 1102 757 1162 φα

107 1176 678 1324 seruantis

57 1399 234 1478 Colloquatus
253 1390 453 1471 cums'Horatio
473 1397 666 1478 Damasippus
683 1395 738 1458 hoe

22 1519 26 1532 ·
75 1500 176 1558 Stoica
196 1499 374 1582 philosophia
395 1500 571 1580 paradoxum
595 1499 715 1578 probat,

104 1614 195 1660 omues
210 1602 401 1682 propemodum
420 1600 543 1660 homines
562 1596 687 1677 infhnire.

42 1686 127 1806 Sto
147 1751 210 1807 rard
227 1753 337 1819 scribis,
354 1769 384 1808 ut
402 1767 463 1808 toto
480 1770 537 1808 uon
555 1769 648 1823 quater
666 1771 738 1808 anno

39 1834 613 1908 Membranamposcas,sctiptorumquaeque
623 1855 759 1906 retexens,

39 1917 119 1976 Iratus
139 1924 189 1978 tihi
209 1923 298 1994 quod,
314 1924 374 1979 vini
393 1925 533 1994 somnique
552 1925 701 1995 benignus,

40 2006 82 2060 Nil
98 2009 207 2080 dignum
226 2012 347 2066 sermone
364 2025 440 2064 canae
455 2029 463 2062 ι
479 2009 543 2078 quid
559 2008 608 2062 fiet
621 2012 633 2063 l
647 2025 674 2063 at
688 2008 755 2079 ipsis

41 2091 215 2150 Saturnalibus
233 2099 285 2153 huo
303 2095 392 2167 sugisli
411 2114 418 2149 :
438 2095 544 2148 sobrius
561 2103 626 2166 erg'o
779 2112 802 2170 ἲ

41 2176 89 2234 Die
107 2183 207 2253 aliquid
225 2183 334 2252 dignum
352 2179 493 2250 promissis
508 2200 515 2234 :
531 2181 632 2248 incipe.
647 2183 693 2236 Nil
708 2183 754 2238 est.

42 2266 183 2338 culpantur
200 2268 292 2322 frustra
309 2267 420 2331 calami,
435 2265 637 2336 immeritusque
655 2269 757 2324 laborat

41 2348 111 2406 lratis
130 2371 207 2408 natus
226 2354 313 2424 paries
332 2354 381 2406 Dis
400 2367 479 2422 atque
498 2352 599 2420 poitis.

40 2435 117 2508 Atqui
135 2443 226 2495 vultus
246 2455 302 2494 erat
319 2441 402 2494 multa
423 2438 449 2491 δι
461 2441 590 2507 'praelata
609 2439 755 2506 minantia,

41 2521 65 2574 Si
83 2543 194 2580 vacuum
213 2527 304 2596 tepido
325 2523 432 2594 cepisset
450 2525 545 2578 villula
564 2524 644 2580 tedio.
769 2543 804 2584 ao

41 2607 170 2674 Quorsum
189 2611 317 2681 pertinuit
335 2610 430 2680 stipare
449 2609 558 2665 Platona
577 2611 753 2664 Menandro?

43 2692 152 2764 Eupolin
170 2699 360 2752 Archilocho?
378 2695 490 2748 comites
509 2697 618 2748 educere
638 2711 727 2750 tantos
742 2699 756 2752 ἓ

41 2777 166 2838 iuvidiam
185 2787 288 2855 placare
307 2799 382 2852 paras
400 2781 501 2834 virtute
520 2780 612 2834 relicta
627 2784 640 2836 d

44 2865 215 2944 §cucurrere
233 2869 322 2926 miser.
336 2866 452 2926 Vitanda
468 2864 505 2920 est
522 2865 644 2936 improba
659 2865 738 2938 Siren
