1954 3604
159 282 368 349 LIBER
430 269 531 344 111.
630 289 695 360 117

41 399 43 446 ἶ
82 399 148 452 Certo
163 401 253 456 foedere
271 400 404 454 castitas:

41 479 57 556 i
66 503 151 554 peccam
168 491 252 552 nesae,
269 503 316 540 aut
337 482 456 553 pretium
474 479 510 533 est
527 476 604 534 mori.

83 573 121 626 0!
138 576 246 643 quisquis
265 576 346 626 volet
367 568 464 636 impias
714 583 744 637 ις

41 651 110 721 sedes,
123 659 145 710 δι
159 659 252 710 rabiem
271 659 372 708 tollere
394 653 523 712 civicum.

81 744 102 794 Si
116 762 203 813 quaeret
221 745 298 798 Pater
320 742 427 794 urbium

41 827 126 885 iuscribi
141 833 243 898 statuis,
260 829 427 884 indomitam
445 825 537 878 audeat

80 920 197 974 Refrenare
217 917 361 973 licentiam
375 955 383 978 ,

41 1001 96 1057 Uerus
111 1006 159 1074 pdd
175 1008 270 1077 genitis
287 1023 295 1058 e
313 1016 465 1073 quatenus,
478 999 531 1052 heu
549 998 640 1052 nefas!
721 1015 756 1069 30

79 1092 191 1146 Virtutem
209 1092 381 1144 incolumem
400 1088 520 1148 odimus,

41 1171 127 1228 iuratam
143 1197 172 1232 ex
190 1179 276 1232 oculis
297 1173 446 1246 quaerimus
465 1169 560 1226 invidi.

79 1262 135 1327 Quid
150 1264 228 1318 tristes
249 1258 450 1332 querimonia,

41 1341 52 1392 ii
66 1362 107 1396 nou
120 1350 235 1419 supplicio
256 1350 342 1414 culpa
362 1342 486 1394 reciditur
500 1343 511 1392 ἒ

84 1430 138 1496 Quid
150 1438 219 1506 leges
239 1434 301 1486 sine
324 1428 445 1480 moribus

41 1511 90 1568 irre
104 1521 232 1586 proficiunt
251 1525 262 1574 ?
282 1519 308 1570 si
330 1530 417 1582 neque
436 1509 543 1564 fervidis

79 1602 125 1658 Pru
140 1606 235 1672 inclusa
257 1602 396 1658 caloribus

41 1681 113 1754 iiurdi,
125 1709 169 1746 uec
184 1695 280 1744 Boreae
301 1685 449 1740 finitimum
466 1685 554 1745 latus,

79 1774 219 1846 Durataeque
238 1778 302 1828 solo
323 1771 402 1823 nives

41 1849 168 1914 iiercarorem
186 1861 299 1931 abigunt
319 1861 330 1909 ?
349 1851 462 1906 Horrida
479 1849 566 1904 callidi

80 1943 183 1999 Vincunt
201 1961 316 2015 aequora
335 1938 439 1991 navitae.

41 2017 127 2092 iignum
143 2033 284 2098 pauperies
307 2022 478 2092 opprobrium
496 2019 569 2084 jubet

82 2113 182 2176 Quidvis
202 2117 230 2168 δι
246 2116 337 2167 facere
356 2110 382 2161 δι
399 2105 472 2175 pati,

41 2189 161 2268 dirutisque
178 2201 255 2253 viam
276 2195 370 2249 deserit
388 2193 483 2244 arduae.

81 2283 125 2338 Vel
141 2304 189 2340 nos
209 2287 239 2338 iu
260 2279 442 2351 Capitolium,

41 2361 76 2426 iub
91 2373 181 2424 clamor
198 2360 300 2431 uocat,
317 2369 343 2418 δι
360 2365 436 2416 turba
453 2359 620 2419 faventium,

81 2452 128 2506 Vel
143 2473 192 2508 nos
212 2456 243 2507 in
261 2469 333 2504 mare
351 2445 505 2518 proximum

41 2529 148 2603 ierimus,
165 2541 192 2592 δι
206 2539 327 2608 lapides,
345 2547 437 2586 aurum
455 2531 481 2583 δι
495 2529 605 2592 inutile,

81 2624 175 2677 Summi
194 2623 331 2676 materiam
350 2617 430 2680 mali,

41 2699 152 2763 iiituuuus.
169 2712 304 2762 Scelerum
323 2704 347 2757 si
364 2705 429 2756 hene
447 2699 581 2769 poenitet,

83 2795 206 2848 Eradenda
225 2789 354 2860 cupidinis

41 2867 91 2930 imi
106 2883 162 2938 suut
179 2883 328 2940 elementa,
344 2874 369 2926 δι
385 2886 482 2925 tenera
502 2868 582 2924 nimis
