1922 3598
204 337 274 404 ²44
346 321 763 389 SArrrrtArrrrr

115 473 121 488 ,
177 510 179 518 Ι
200 437 303 503 finiet,
317 455 376 492 ante
396 458 502 510 gravem
522 461 581 512 quae
600 441 690 512 legerit
707 441 797 492 arbore
815 436 895 514 solerti

201 525 320 580 Aufidius
339 528 402 580 forti
421 529 545 581 miscebat
564 533 643 582 mella
660 529 787 580 Falernot

153 617 184 669 25
200 614 352 676 Mendns'e3
370 617 495 682 quoniam
512 617 604 670 vacuis
623 615 787 668 committere
800 608 871 664 venis

199 695 244 746 Nil
264 695 316 747 nisi
335 699 394 748 lene
413 700 496 749 decer.
516 698 581 750 Leni
599 699 744 767 praecordia
762 697 843 748 mulso

198 780 330 834 Proiueris
349 784 453 836 melitis.
473 784 500 834 Si
521 786 583 836 dura
602 785 750 836 morabitur
768 787 856 845 alvus,

197 867 328 931 Mituius,
344 870 370 920 &
385 869 454 920 viles
473 867 573 936 pellent
592 869 720 921 obstantia
739 869 858 927 conchae,

198 953 231 1002 Er
246 954 344 1020 lapathi
361 953 449 1006 brevis
465 955 557 1018 herba,
571 954 613 1006 sed
629 957 690 1006 albo
704 971 760 1006 non
774 953 829 1005 sine
842 950 898 1002 Con.

153 1045 187 1098 30
199 1038 308 1090 Lubrica
327 1040 460 1091 nascentes
480 1031 592 1106 implent
611 1039 754 1108 conchylia
773 1039 857 1090 Lunae.

197 1125 249 1176 Sed
267 1141 322 1176 non
339 1141 420 1176 omne
437 1140 509 1176 mare
527 1123 564 1176 est
581 1125 717 1192 generose
734 1123 820 1176 fertile
835 1119 899 1174 teste·

197 1210 302 1262 Murice
320 1209 420 1275 flajano
439 1209 535 1262 melior
551 1209 663 1262 Lucrina
682 1208 785 1277 peloris
800 1227 810 1268 ;

198 1295 291 1350 Ostrea
311 1295 438 1359 Circaeis,
457 1295 563 1360 Miseno
583 1295 706 1346 oriuntur
725 1293 837 1352 echini3

198 1381 346 1434 Pestinibus
366 1383 462 1448 patulis
482 1379 559 1444 iasine
578 1381 605 1432 se
624 1382 706 1432 molle
727 1381 873 1432 Tarentum.

152 1471 182 1525 35
197 1469 253 1519 Nec
268 1466 317 1520 sibi
333 1481 468 1519 coenarum
483 1465 573 1533 quivis
589 1479 689 1516 temere
702 1479 809 1534 arroget
820 1475 899 1518 arten.

197 1553 261 1612 Non
280 1552 352 1618 priris
372 1549 463 1604 errasti
482 1549 556 1601 tenui
575 1549 678 1602 ratione
697 1549 832 1618 saporum.

197 1638 255 1692 Nec
274 1637 335 1690 satis
354 1637 391 1689 est
410 1635 469 1688 carri
488 1635 572 1702 pisces
590 1651 712 1688 averrere
733 1634 843 1698 mensi,

197 1722 320 1792 ignarum
339 1723 433 1791 quibus
452 1721 489 1774 est
507 1719 548 1786 ius
567 1721 672 1790 aptius,
691 1721 716 1772 ἃ
738 1721 833 1789 quibus
850 1713 900 1770 assir

199 1807 347 1878 Languidus
366 1807 393 1858 in
412 1806 528 1858 cubitum
546 1805 598 1870 jam
615 1806 641 1856 se
658 1805 781 1858 conviva
797 1813 900 1872 reponet.

66 1953 68 1960 Ι
151 1902 188 1950 40
198 1894 315 1954 Umber,
332 1893 357 1942 &
375 1889 457 1958 iligna
477 1891 592 1942 nutritus
612 1892 721 1959 glande,
736 1892 858 1944 rotundas

131 2023 133 2027 .
159 2033 164 2039 ,
200 1979 300 2031 Currat
319 1992 380 2044 aper
398 1977 485 2040 lances
505 1991 609 2026 carnem
627 1974 738 2028 vitantis
760 1976 881 2028 inertem:

198 2065 265 2120 Nnm
275 2063 387 2116 Laurens
398 2063 481 2112 malus
491 2059 616 2122 est,ulvis
627 2060 652 2110 δι
661 2061 791 2113 arundine
799 2056 900 2128 pinguis.

198 2147 284 2200 Vinea
303 2145 442 2201 summittit
461 2161 565 2211 capreas
584 2159 640 2195 non
658 2145 763 2210 semper
781 2147 872 2198 edules.

199 2230 337 2284 Foecundae
356 2229 456 2297 leporis
476 2227 578 2296 sapiens
597 2228 734 2281 sectabitur
753 2247 850 2283 armos.

151 2334 185 2396 45
200 2313 328 2375 Piscibus,
337 2327 415 2380 atque
428 2313 521 2364 avibus
536 2329 593 2380 quae
606 2328 713 2376 natura,
724 2314 750 2365 &
761 2316 831 2366 soret
841 2324 901 2370 aras,

201 2401 268 2450 Ante
288 2414 376 2448 meum
395 2398 463 2450 nulli
481 2397 567 2465 patuit
585 2397 694 2465 quaesita
711 2401 837 2467 palatum.

151 2489 218 2540 Sunt
229 2499 341 2550 qnorum
353 2481 488 2550 ingenium
499 2499 572 2535 nova
582 2482 682 2534 rantum
693 2485 803 2536 crustula
814 2481 907 2552 promit.

200 2571 371 2640 Nequaquam
389 2565 450 2618 saris
468 2567 495 2618 in
513 2583 540 2618 re
557 2583 609 2618 una
627 2567 780 2622 consumere
797 2583 894 2620 curam:

200 2657 238 2706 Ut
247 2654 271 2722 si
285 2654 343 2722 quis
353 2653 438 2704 solum
452 2653 518 2715 hoc,
533 2653 599 2704 mula
607 2669 641 2702 ne
654 2652 708 2704 sint
720 2654 782 2706 vina
792 2655 904 2709 elaboret,

153 2757 187 2811 pn
200 2739 279 2811 Quali
298 2739 433 2806 perfundat
453 2734 536 2802 pisces
554 2735 657 2796 securus
677 2737 764 2793 olivo.

200 2823 313 2886 Massica
331 2822 355 2874 si
374 2823 443 2874 coelo
463 2818 594 2887 supponas
613 2820 675 2873 vina
694 2821 803 2884 sereno,

172 2936 174 2940 »
197 2907 352 2970 Noiiurni,
365 2906 388 2958 si
407 2904 470 2973 quid
489 2903 569 2958 crassi
587 2903 639 2970 est,
654 2906 799 2963 tenuabitur
814 2899 886 2972 auri,
