2006 3608
204 283 274 382 308
348 289 780 378 Essrrrrornrrurt

203 411 274 464 lnter
291 428 358 480 quos
375 413 525 468 referendus
542 416 594 468 erit
606 418 617 470 i
631 413 768 468 veteresne
787 408 941 480 po'e'tas?

203 495 246 546 An
261 513 329 565 quos
346 499 372 549 ἀ
385 499 516 567 praesens,
528 493 554 552 δι
566 499 668 569 postera
679 499 790 566 ,respuat
808 512 890 549 aetas
905 497 922 548 ἓ

203 579 251 632 lste
267 582 373 649 quidem
389 599 493 638 veteres
511 586 581 638 inter
596 601 711 654 ponetur
724 581 869 642 honest'e.

206 666 261 732 Qui
275 670 321 720 vel
337 669 426 721 ntense
441 670 533 733 brevi,
547 673 591 722 vel
609 685 669 723 toto
681 670 721 721 est
737 668 839 734 junior
856 683 960 720 anno.

157 759 190 811 45
205 754 276 804 Utor
291 753 435 820 permiss'o,
452 756 592 823 caudaeque
610 757 680 822 pilos
697 769 725 805 ut
742 753 883 821 equinae‚

206 834 334 890 Paulatim
343 839 427 902 vello,
434 839 460 889 ἀ
468 839 547 890 derno
556 857 649 903 unum,
656 841 733 890 demo
744 838 834 890 etiarn
844 855 964 897 unum·,

206 917 280 970 Dum
296 921 368 972 cadat
383 921 469 973 elusus
484 922 588 975 ratione
604 924 704 976 ruentis
720 923 837 986 acervi,

207 1003 264 1069 Qui
279 1007 347 1057 redit
363 1008 394 1058 ad
409 1005 505 1070 fastos,
521 1008 547 1059 δι
560 1007 688 1060 virtutem
706 1007 822 1060 aestinrat
841 1009 961 1068 annis·‚

209 1089 374 1158 Miraturque
391 1091 477 1155 nihil,
492 1092 543 1145 nisi
561 1095 634 1162 quod
649 1091 765 1144 Libitina
780 1092 930 1145 sacravit.

165 1193 199 1246 50
210 1175 309 1227 Ennius
326 1177 351 1228 &
366 1175 487 1244 sapiens,
503 1177 530 1228 ἃ
546 1178 640 1240 fortis,
658 1179 684 1230 δι
699 1181 765 1230 alter
779 1177 959 1244 Homerus,

209 1261 249 1312 Ut
266 1260 352 1314 critici
369 1261 475 1323 dicunt,
489 1261 586 1314 leviter
603 1279 693 1314 curare
710 1263 842 1326 videtur,

211 1345 275 1410 Qui)
291 1345 417 1413 prontiffa
432 1349 541 1410 cadant,
556 1347 582 1398 ἃ
597 1347 700 1398 somnia
717 1346 919 1416 Pythagorea.

210 1430 322 1482 Naevius
337 1431 366 1482 in
380 1431 501 1482 manibus
516 1447 571 1483 non
585 1431 635 1492 est,
646 1432 672 1482 &
682 1430 821 1483 mentibus
840 1433 939 1486 haeret

213 1515 283 1566 Perre
292 1514 726 1568 recensiadeosanfiiurnestvetus
735 1531 822 1566 omne
830 1518 956 1584 poema.

169 1611 198 1662 55
215 1595 365 1668 ambigitur
381 1599 487 1667 quoties
503 1615 562 1652 uter
576 1615 638 1652 utro
655 1600 691 1652 sit
707 1600 801 1667 prior,
818 1603 921 1656 aufert

216 1683 346 1736 Pacuvius
363 1683 434 1734 dotti
451 1684 546 1736 famant
561 1683 648 1745 senis,
662 1683 756 1734 Accius
774 1685 825 1736 alti
840 1705 851 1744 ς

215 1767 322 1820 Dicitur
336 1766 426 1820 Afrani
445 1782 506 1836 toga
525 1767 678 1819 convenille
696 1768 877 1828 Menandro;

217 1854 324 1906 Plautus
336 1853 367 1904 ad
377 1855 512 1918 exemplat
521 1851 605 1904 Siculi
617 1867 758 1918 properare
769 1853 940 1918 Epicharmi
950 1876 959 1916 i

217 1939 331 1992 Vincere
347 1936 468 1988 Caecilius
485 1935 632 2004 gravitate,
646 1935 787 1986 Terentius
805 1953 883 1991 arte.

170 2025 206 2076 60
218 2021 277 2076 llos
295 2021 404 2083 ediscit,
420 2021 446 2072 &
460 2021 510 2071 lros
528 2018 600 2070 atsto
618 2019 710 2086 stipata
727 2021 842 2072 theatro

195 2106 300 2176 Spediat
308 2107 392 2158 Roma
398 2121 507 2173 potens:
517 2103 659 2166 hubethos,
666 2120 846 2172 numeratque
854 2109 958 2174 poetar

220 2192 261 2242 Ad
278 2191 393 2244 nostrum
409 2206 512 2258 tempus
526 2188 587 2240 Livi
604 2188 739 2256 scriptoris
757 2191 789 2240 ab
805 2208 888 2246 aevo.
906 2189 908 2195 ’

220 2278 355 2330 Interdum
369 2279 466 2346 vulgus
484 2273 583 2326 tetrum
599 2273 689 2335 videt,
707 2273 743 2326 est
758 2275 804 2325 ubi
822 2293 940 2344 peccat.

224 2365 252 2415 Si
267 2379 371 2416 veteres
388 2363 425 2414 ita
441 2360 565 2421 miratur,
578 2361 715 2427 laudatque
733 2360 850 2427 poetas,

175 2450 207 2511 65
222 2450 259 2501 Ut
277 2448 344 2500 nihil
362 2447 506 2507 anteferat,
520 2445 586 2496 nihil
605 2443 658 2495 illis
676 2461 840 2512 comparem
860 2466 947 2506 errat.

224 2534 252 2586 Si
269 2535 387 2601 quaedam
406 2531 486 2583 nimis
505 2528 631 2597 antiqu'e,
649 2530 673 2580 si
690 2531 817 2598 pleraque
835 2537 908 2589 dur'e

223 2620 319 2670 Dicere
337 2616 420 2670 credit
436 2631 502 2677 eos,
516 2612 613 2682 ignave
632 2616 713 2666 multa
731 2615 854 2678 fatetut',

225 2706 258 2756 Et
272 2701 352 2770 sapit,
365 2702 390 2751 δι
402 2715 505 2750 metunt
520 2698 595 2758 facit,
608 2699 633 2748 &
644 2698 713 2750 Jove
727 2696 825 2764 judicat
841 2719 937 2771 aequo.

226 2791 296 2851 Non
304 2787 426 2855 equidem
440 2783 567 2845 infestor,
579 2783 739 2850 delendaque
753 2785 876 2839 carmina
890 2791 955 2842 Livi

181 2891 217 2944 79
228 2873 283 2927 Esse
301 2889 381 2936 teor,
396 2868 506 2924 memini
526 2884 584 2936 quae
602 2867 740 2938 plagosum
758 2869 827 2922 milri
846 2888 940 2942 parvo
