2058 3610
197 253 263 327 108
355 257 425 330 CA
452 280 479 329 a
505 275 540 330 Μ
564 281 583 332 ι
609 281 640 330 Ν
667 281 694 332 v
718 276 754 330 u

191 375 285 429 Nudus
304 378 384 432 castra
401 398 484 449 peto,
503 383 529 435 δι
547 385 681 454 transfuga
698 382 814 439 divitum

264 463 354 519 Partes
373 465 493 536 linquere
512 469 616 540 gestio·‚

144 554 177 609 25
192 550 360 619 Contempta
380 553 504 606 dominus
523 553 684 623 splendidior
701 553 760 618 rei,

191 633 280 699 Quam
300 635 344 700 si,
362 637 489 707 quidquid
507 653 562 691 arat
580 655 636 692 non
654 640 729 710 piger
745 639 890 708 Appnm,

191 719 334 774 Occultate
351 723 419 776 meis
437 724 538 776 dicerer
554 725 675 789 horreis,

264 807 375 876 Magnas
394 807 464 862 inter
482 825 547 876 opes
566 808 656 876 inops.

191 887 266 942 Purae
285 890 360 944 rivus
379 908 472 961 aquae,
489 893 617 962 sylvaqtte
635 897 756 961 jugerum

146 983 181 1038 30
192 974 356 1042 Paucorum,
371 979 397 1029 δι
415 977 512 1047 segetis
530 993 600 1030 certa
618 976 682 1030 fidon
702 993 784 1040 meae,
856 988 879 1023 N

192 1065 347 1136 Fulgentem
367 1065 481 1132 imperio
499 1064 594 1118 fertilis
611 1064 705 1118 Alticae

265 1148 344 1201 Fallit
362 1149 433 1200 sorte
452 1148 563 1202 beatior.

193 1235 362 1303 Quamquam
381 1250 429 1286 nec
448 1233 564 1286 Calabtae
583 1235 661 1286 mella
679 1233 766 1286 serunt
783 1239 866 1302 apes,¹

192 1321 249 1372 Nec
269 1320 447 1390 Lestrygonia
464 1319 580 1394 Bacehus
598 1319 628 1370 in
646 1319 772 1388 amphora

43 1466 45 1470 ¹
144 1417 178 1479 35
193 1403 349 1472 Languescit
367 1402 453 1467 mihi,
472 1405 520 1456 n'ec
538 1401 647 1472 pinguia
664 1401 777 1456 Gallicis

268 1489 394 1541 Crescunt
412 1489 513 1540 vellera
532 1485 653 1554 pascuis3

194 1573 349 1641 Importuna
367 1577 456 1624 tamen
473 1572 612 1640 pauperies
630 1571 715 1635 abest,

193 1659 269 1722 Nec,
284 1659 308 1710 si
326 1660 402 1726 plura
420 1656 522 1719 velim,
538 1651 568 1708 tu
587 1659 648 1710 dare
666 1651 805 1728 deneges(

195 1742 340 1798 eonttatlo
359 1741 454 1795 melitis
473 1759 554 1810 parva
573 1743 696 1813 cupidine

147 1851 185 1902 40
266 1827 416 1897 Vediigalia
434 1827 589 1896 porrigam,

195 1914 284 1982 Quam
303 1915 327 1967 si
346 1913 503 1984 Mygdoniis
522 1929 632 1983 regnum
650 1914 768 1984 Alyattei

196 2000 307 2069 Campis
325 2000 489 2053 continuem.
507 1999 593 2051 Multa
612 2001 762 2066 petentibus

196 2086 301 2139 Desunt
319 2086 402 2137 multa
419 2103 427 2137 ε
443 2082 568 2162 ὑεῃεείὶ
586 2084 629 2134 cui
646 2085 721 2136 Deus
740 2086 837 2140 obtulit

270 2171 349 2225 Porci
359 2210 366 2234 ,
378 2171 450 2242 quod
468 2159 529 2247 satis
548 2167 601 2232 e‘st,
615 2185 704 2224 manu.
