1954 3604
142 264 208 362 36
352 266 649 334 Edonos

138 387 198 468 Qud
218 398 371 442 muneretur
389 402 436 452 te,
451 386 565 454 Priape,
581 385 607 436 δι
622 397 668 444 te,
686 375 765 446 liade*
846 414 851 418 -

212 477 349 544 Sylvane,
367 487 440 526 tutor
458 471 575 525 finium!

138 561 214 614 Libet
232 559 316 627 jacere
335 557 417 612 modd
437 559 483 611 sub
501 551 706 624 antiqua'ilice,
730 555 750 562 '⁴
779 553 781 557 ’

213 645 296 698 Modd
316 644 345 696 in
364 645 450 697 tenaci
468 642 597 714 gramine.

93 741 123 793 25
139 732 274 786 Labuntur
291 730 353 782 altis
373 729 481 782 interim
500 728 567 796 ripis
586 741 680 795 aquae,

213 818 366 884 Queruntur
385 814 415 867 in
433 814 519 884 sylvis
538 829 624 870 aves3

140 904 287 971 fontesque
306 901 424 972 lymphis
443 899 595 966 obstrepunt
614 891 814 958 manantibus,

213 991 329 1042 Somnos
349 988 421 1057 quod
440 985 539 1038 invitet
556 986 639 1036 leves.

141 1077 177 1129 At
195 1093 277 1146 quum
297 1073 414 1127 tonantis
433 1087 516 1124 annus
535 1070 667 1138 hybernus
686 1063 772 1121 Jovis

96 1170 130 1223 30
215 1161 313 1212 Imbres
332 1157 460 1226 nivesque
479 1167 635 1222 comparat,

142 1247 195 1300 Aut
214 1245 295 1299 trudit
313 1261 384 1298 actes
403 1242 467 1295 hinc
486 1242 512 1294 δι
528 1239 591 1292 hinc
610 1233 692 1289 multd
709 1250 784 1288 cane

214 1329 302 1397 Apros
322 1328 352 1380 in
370 1326 502 1380 obstantes
521 1326 634 1392 plagas3

142 1417 199 1468 Aut
216 1414 295 1467 amite
314 1413 370 1466 levi
389 1429 446 1464 rata
464 1411 549 1463 tendit
568 1407 652 1471 retia,

217 1499 313 1550 Turdis
333 1496 454 1550 edacibus
474 1496 574 1552 dolos;

99 1594 129 1650 35
144 1584 309 1640 Pavidumve
321 1586 457 1652 teporem,
470 1581 497 1633 ἃ
507 1581 636 1632 advenam
646 1578 747 1644 laqueo
761 1594 901 1646 gruem,
968 1626 971 1630 .

216 1671 334 1724 Iucunda
352 1681 438 1736 captat
457 1663 574 1734 ptaemia.

145 1755 214 1824 Quis
233 1771 290 1808 non
308 1756 453 1813 malarum,
465 1765 529 1818 quas
548 1763 623 1799 amor
641 1760 714 1797 ctuas
733 1743 828 1804 habet
841 1787 855 1813 ,

217 1839 281 1891 Haec
300 1838 369 1890 inter
388 1833 581 1887 obliviscitur?

147 1927 231 1996 Qudd
249 1928 272 1979 si
291 1925 386 1996 pudica
405 1921 501 1974 mulier
518 1919 548 1972 in
565 1932 666 1988 partem
685 1915 766 1980 iuvet

99 2029 135 2077 40
219 2013 357 2073 Domum,
371 2021 449 2077 atque
468 2007 556 2058 dulces
575 2005 692 2065 liberos,

148 2099 242 2154 Sabina
261 2097 365 2166 qualis,
384 2102 429 2163 au't
447 2092 548 2162 perusta
567 2091 668 2145 solibus

221 2181 340 2240 Pernicis
359 2161 429 2232 uxitt
446 2175 546 2246 Appuli
563 2196 570 2230 ε

149 2271 256 2322 Sacrum
275 2265 386 2320 vetustis
405 2263 519 2316 exst'tuat
536 2261 619 2331 lignis
637 2261 726 2314 focum

221 2351 296 2405 Lassi
315 2351 361 2404 sub
379 2351 522 2402 aduentum
541 2347 621 2408 viti;

101 2455 134 2512 45
150 2437 333 2505 claudensque¹
349 2434 432 2488 ,textis
453 2434 567 2486 cratibus
586 2435 677 2485 laetunt
694 2442 807 2500 pecus,·
890 2439 894 2446 '

222 2523 343 2575 Distenta
363 2520 444 2572 siccet
462 2520 541 2570 ubera
550 2536 565 2597 ¹3

150 2614 183 2669 Et
200 2613 287 2675 horna
306 2605 375 2660 dulci
393 2605 458 2658 vina
477 2603 603 2672 ptom'ens
621 2604 716 2668 dolio,

203 2697 314 2771 'Dapes
334 2692 465 2758 inemptas
484 2703 616 2756 apparet:

151 2783 215 2840 Non
234 2795 276 2832 me
296 2775 406 2832 Lucrina
425 2772 543 2840 juverint
560 2771 721 2840 conchylis,
765 2790 777 2825 t

105 2880 140 2933 5⁹
224 2861 344 2936 Magisvc
363 2858 507 2921 rhombus,
523 2872 569 2910 aut
586 2856 672 2921 scari,
769 2895 772 2900 .
