<?xml version="1.0" encoding="UTF-8"?>
<!DOCTYPE html PUBLIC "-//W3C//DTD XHTML 1.0 Transitional//EN"
    "http://www.w3.org/TR/xhtml1/DTD/xhtml1-transitional.dtd">
<html xmlns="http://www.w3.org/1999/xhtml" xml:lang="en" lang="en">
 <head>
  <title>
</title>
<meta http-equiv="Content-Type" content="text/html;charset=utf-8" />
  <meta name='ocr-system' content='tesseract 3.04.00' />
  <meta name='ocr-capabilities' content='ocr_page ocr_carea ocr_par ocr_line ocrx_word'/>
</head>
<body>
  <div class='ocr_page' id='page_1' title='image "./quintihoratiifl00prgoog_0074.png"; bbox 0 0 1980 3614; ppageno 0'>
   <div class='ocr_carea' id='block_1_1' title="bbox 233 249 621 324">
    <p class='ocr_par' dir='ltr' id='par_1_1' title="bbox 233 249 621 324">
     <span class='ocr_line' id='line_1_1' title="bbox 233 249 621 324; baseline -0.018 0"><span class='ocrx_word' id='word_1_1' title='bbox 233 257 485 324; x_wconf 73' lang='lat' dir='ltr'>errru</span> <span class='ocrx_word' id='word_1_2' title='bbox 547 249 621 319; x_wconf 86' lang='lat'>11.</span> 
     </span>
    </p>
   </div>
   <div class='ocr_carea' id='block_1_2' title="bbox 38 364 655 1205">
    <p class='ocr_par' dir='ltr' id='par_1_2' title="bbox 41 364 572 520">
     <span class='ocr_line' id='line_1_2' title="bbox 41 364 572 450; baseline -0.023 -15"><span class='ocrx_word' id='word_1_3' title='bbox 41 380 158 450; x_wconf 75' lang='lat' dir='ltr'>Semper</span> <span class='ocrx_word' id='word_1_4' title='bbox 178 364 318 434; x_wconf 77' lang='lat' dir='ltr'>ardenres</span> <span class='ocrx_word' id='word_1_5' title='bbox 340 391 445 430; x_wconf 83' lang='lat' dir='ltr'>acuens</span> <span class='ocrx_word' id='word_1_6' title='bbox 466 371 572 443; x_wconf 75' lang='lat' dir='ltr'>sagittas</span> 
     </span>
     <span class='ocr_line' id='line_1_3' title="bbox 156 463 396 520; baseline -0.021 -1"><span class='ocrx_word' id='word_1_7' title='bbox 156 468 238 520; x_wconf 86' lang='lat' dir='ltr'>Core</span> <span class='ocrx_word' id='word_1_8' title='bbox 263 463 396 517; x_wconf 67' lang='lat' dir='ltr'>cruenti.</span> 
     </span>
    </p>

    <p class='ocr_par' dir='ltr' id='par_1_3' title="bbox 42 543 655 620">
     <span class='ocr_line' id='line_1_4' title="bbox 42 543 655 620; baseline -0.015 -15"><span class='ocrx_word' id='word_1_9' title='bbox 42 553 115 605; x_wconf 77' lang='lat' dir='ltr'>Adde</span> <span class='ocrx_word' id='word_1_10' title='bbox 136 550 224 620; x_wconf 77' lang='lat' dir='ltr'>qur&#39;rd</span> <span class='ocrx_word' id='word_1_11' title='bbox 245 551 342 619; x_wconf 74' lang='lat' dir='ltr'>pubes</span> <span class='ocrx_word' id='word_1_12' title='bbox 363 546 416 600; x_wconf 88' lang='lat' dir='ltr'>ribi</span> <span class='ocrx_word' id='word_1_13' title='bbox 435 543 530 598; x_wconf 86' lang='lat' dir='ltr'>crescit</span> <span class='ocrx_word' id='word_1_14' title='bbox 548 543 655 596; x_wconf 84' lang='lat' dir='ltr'>omnis:</span> 
     </span>
    </p>

    <p class='ocr_par' dir='ltr' id='par_1_4' title="bbox 44 629 620 698">
     <span class='ocr_line' id='line_1_5' title="bbox 44 629 620 698; baseline -0.016 -7"><span class='ocrx_word' id='word_1_15' title='bbox 44 639 171 691; x_wconf 81' lang='lat' dir='ltr'>Servitus</span> <span class='ocrx_word' id='word_1_16' title='bbox 196 633 307 688; x_wconf 86' lang='lat' dir='ltr'>crescit</span> <span class='ocrx_word' id='word_1_17' title='bbox 330 650 432 692; x_wconf 68' lang='lat' dir='ltr'>novar</span> <span class='ocrx_word' id='word_1_18' title='bbox 449 647 499 684; x_wconf 83' lang='lat' dir='ltr'>nee</span> <span class='ocrx_word' id='word_1_19' title='bbox 518 629 620 698; x_wconf 79' lang='lat' dir='ltr'>priores</span> 
     </span>
    </p>

    <p class='ocr_par' dir='ltr' id='par_1_5' title="bbox 42 716 618 878">
     <span class='ocr_line' id='line_1_6' title="bbox 42 716 618 794; baseline -0.019 -18"><span class='ocrx_word' id='word_1_20' title='bbox 42 725 136 794; x_wconf 80' lang='lat' dir='ltr'>lmpiae</span> <span class='ocrx_word' id='word_1_21' title='bbox 160 721 281 776; x_wconf 74' lang='grc' dir='ltr'>τεᾶιιω</span> <span class='ocrx_word' id='word_1_22' title='bbox 304 717 430 771; x_wconf 84' lang='lat' dir='ltr'>dominae</span> <span class='ocrx_word' id='word_1_23' title='bbox 449 716 618 784; x_wconf 84' lang='lat' dir='ltr'>relinquunt,</span> 
     </span>
     <span class='ocr_line' id='line_1_7' title="bbox 157 802 395 878; baseline -0.034 -17"><span class='ocrx_word' id='word_1_24' title='bbox 157 810 250 878; x_wconf 86' lang='lat' dir='ltr'>Saepe</span> <span class='ocrx_word' id='word_1_25' title='bbox 278 802 395 857; x_wconf 84' lang='lat' dir='ltr'>minari.</span> 
     </span>
    </p>

    <p class='ocr_par' dir='ltr' id='par_1_6' title="bbox 38 885 616 952">
     <span class='ocr_line' id='line_1_8' title="bbox 38 885 616 952; baseline -0.019 -2"><span class='ocrx_word' id='word_1_26' title='bbox 38 897 81 949; x_wconf 86' lang='lat' dir='ltr'>Te</span> <span class='ocrx_word' id='word_1_27' title='bbox 101 897 166 948; x_wconf 86' lang='lat' dir='ltr'>suis</span> <span class='ocrx_word' id='word_1_28' title='bbox 190 908 307 948; x_wconf 82' lang='lat' dir='ltr'>matres</span> <span class='ocrx_word' id='word_1_29' title='bbox 330 900 457 940; x_wconf 83' lang='lat' dir='ltr'>metuunt</span> <span class='ocrx_word' id='word_1_30' title='bbox 474 885 616 952; x_wconf 83' lang='lat' dir='ltr'>juvencis,</span> 
     </span>
    </p>

    <p class='ocr_par' dir='ltr' id='par_1_7' title="bbox 38 973 604 1048">
     <span class='ocr_line' id='line_1_9' title="bbox 38 973 604 1048; baseline -0.016 -14"><span class='ocrx_word' id='word_1_31' title='bbox 38 983 80 1036; x_wconf 84' lang='lat' dir='ltr'>Te</span> <span class='ocrx_word' id='word_1_32' title='bbox 101 983 193 1035; x_wconf 86' lang='lat' dir='ltr'>senes</span> <span class='ocrx_word' id='word_1_33' title='bbox 216 977 327 1048; x_wconf 83' lang='lat' dir='ltr'>parci,</span> <span class='ocrx_word' id='word_1_34' title='bbox 346 973 502 1043; x_wconf 67' lang='lat' dir='ltr'>miseraque</span> <span class='ocrx_word' id='word_1_35' title='bbox 521 988 604 1041; x_wconf 85' lang='lat' dir='ltr'>nuper</span> 
     </span>
    </p>

    <p class='ocr_par' dir='ltr' id='par_1_8' title="bbox 38 1059 591 1205">
     <span class='ocr_line' id='line_1_10' title="bbox 38 1059 591 1138; baseline -0.022 -17"><span class='ocrx_word' id='word_1_36' title='bbox 38 1065 188 1138; x_wconf 76' lang='lat' dir='ltr'>Virgines</span> <span class='ocrx_word' id='word_1_37' title='bbox 209 1076 343 1130; x_wconf 85' lang='lat' dir='ltr'>nuprae,</span> <span class='ocrx_word' id='word_1_38' title='bbox 362 1072 408 1111; x_wconf 82' lang='lat' dir='ltr'>rua</span> <span class='ocrx_word' id='word_1_39' title='bbox 426 1075 460 1110; x_wconf 85' lang='lat' dir='ltr'>ne</span> <span class='ocrx_word' id='word_1_40' title='bbox 478 1059 591 1112; x_wconf 79' lang='lat' dir='ltr'>retarder</span> 
     </span>
     <span class='ocr_line' id='line_1_11' title="bbox 163 1146 407 1205; baseline -0.029 1"><span class='ocrx_word' id='word_1_41' title='bbox 163 1153 252 1205; x_wconf 86' lang='lat' dir='ltr'>Aura</span> <span class='ocrx_word' id='word_1_42' title='bbox 275 1146 407 1200; x_wconf 83' lang='lat' dir='ltr'>maritos.</span> 
     </span>
    </p>
   </div>
   <div class='ocr_carea' id='block_1_3' title="bbox 48 1263 802 1646">
    <p class='ocr_par' dir='ltr' id='par_1_9' title="bbox 48 1263 802 1646">
     <span class='ocr_line' id='line_1_12' title="bbox 48 1263 802 1328; baseline -0.021 1"><span class='ocrx_word' id='word_1_43' title='bbox 48 1263 802 1328; x_wconf 50' lang='lat' dir='ltr'>====ssQCR42====&gt;</span> 
     </span>
     <span class='ocr_line' id='line_1_13' title="bbox 137 1343 776 1502; baseline -0.013 -10"><span class='ocrx_word' id='word_1_44' title='bbox 137 1343 776 1502; x_wconf 60' lang='lat' dir='ltr'>CARMENIL·</span> 
     </span>
     <span class='ocr_line' id='line_1_14' title="bbox 218 1577 656 1646; baseline -0.018 0"><span class='ocrx_word' id='word_1_45' title='bbox 218 1582 318 1646; x_wconf 80' lang='lat' dir='ltr'>&#39;AD</span> <span class='ocrx_word' id='word_1_46' title='bbox 368 1577 656 1642; x_wconf 73' lang='lat' dir='ltr'>merum.</span> 
     </span>
    </p>
   </div>
   <div class='ocr_carea' id='block_1_4' title="bbox 61 1719 857 1801">
    <p class='ocr_par' dir='ltr' id='par_1_10' title="bbox 61 1719 857 1801">
     <span class='ocr_line' id='line_1_15' title="bbox 61 1719 857 1801; baseline -0.031 -2"><span class='ocrx_word' id='word_1_47' title='bbox 61 1733 224 1799; x_wconf 79' lang='lat' dir='ltr'>&#39;Amicum</span> <span class='ocrx_word' id='word_1_48' title='bbox 247 1741 401 1786; x_wconf 82' lang='lat' dir='ltr'>moerentem</span> <span class='ocrx_word' id='word_1_49' title='bbox 417 1725 449 1782; x_wconf 84' lang='lat' dir='ltr'>dr</span> <span class='ocrx_word' id='word_1_50' title='bbox 458 1722 517 1800; x_wconf 79' lang='lat' dir='ltr'>filii</span> <span class='ocrx_word' id='word_1_51' title='bbox 532 1739 612 1783; x_wconf 79' lang='lat' dir='ltr'>morte</span> <span class='ocrx_word' id='word_1_52' title='bbox 629 1719 787 1801; x_wconf 71' lang='lat' dir='ltr'>confidatur.</span> <span class='ocrx_word' id='word_1_53' title='bbox 851 1719 857 1751; x_wconf 63' lang='lat'><em>*</em></span> 
     </span>
    </p>
   </div>
   <div class='ocr_carea' id='block_1_5' title="bbox 37 1858 860 2920">
    <p class='ocr_par' dir='ltr' id='par_1_11' title="bbox 37 1858 860 2920">
     <span class='ocr_line' id='line_1_16' title="bbox 38 1858 820 1979; baseline -0.022 -5"><span class='ocrx_word' id='word_1_54' title='bbox 38 1858 113 1979; x_wconf 77' lang='lat' dir='ltr'>N</span> <span class='ocrx_word' id='word_1_55' title='bbox 125 1935 152 1972; x_wconf 93' lang='lat' dir='ltr'>o</span> <span class='ocrx_word' id='word_1_56' title='bbox 164 1933 188 1970; x_wconf 74' lang='lat' dir='ltr'>u</span> <span class='ocrx_word' id='word_1_57' title='bbox 214 1916 335 1979; x_wconf 84' lang='lat' dir='ltr'>semper</span> <span class='ocrx_word' id='word_1_58' title='bbox 353 1907 449 1960; x_wconf 83' lang='lat' dir='ltr'><strong>imbres</strong></span> <span class='ocrx_word' id='word_1_59' title='bbox 468 1908 579 1961; x_wconf 87' lang='lat' dir='ltr'>nubibus</span> <span class='ocrx_word' id='word_1_60' title='bbox 597 1906 716 1976; x_wconf 85' lang='lat' dir='ltr'>hispidos</span> <span class='ocrx_word' id='word_1_61' title='bbox 796 1955 820 1976; x_wconf 14' lang='lat' dir='ltr'>y,</span> 
     </span>
     <span class='ocr_line' id='line_1_17' title="bbox 37 1994 663 2068; baseline -0.027 -5"><span class='ocrx_word' id='word_1_62' title='bbox 37 2011 180 2062; x_wconf 82' lang='lat' dir='ltr'>Mananr</span> <span class='ocrx_word' id='word_1_63' title='bbox 204 2003 243 2055; x_wconf 89' lang='lat' dir='ltr'>in</span> <span class='ocrx_word' id='word_1_64' title='bbox 264 2013 364 2068; x_wconf 81' lang='lat' dir='ltr'>agros,</span> <span class='ocrx_word' id='word_1_65' title='bbox 382 2011 426 2047; x_wconf 87' lang='lat' dir='ltr'>aut</span> <span class='ocrx_word' id='word_1_66' title='bbox 444 2012 515 2047; x_wconf 85' lang='lat' dir='ltr'>mare</span> <span class='ocrx_word' id='word_1_67' title='bbox 536 1994 663 2063; x_wconf 82' lang='lat' dir='ltr'>Caspium</span> 
     </span>
     <span class='ocr_line' id='line_1_18' title="bbox 81 2083 541 2149; baseline -0.037 -2"><span class='ocrx_word' id='word_1_68' title='bbox 81 2095 226 2146; x_wconf 73' lang='lat' dir='ltr'>Vexent</span> <span class='ocrx_word' id='word_1_69' title='bbox 251 2083 398 2149; x_wconf 73' lang='lat' dir='ltr'>inaequales</span> <span class='ocrx_word' id='word_1_70' title='bbox 417 2083 541 2148; x_wconf 68' lang='lat' dir='ltr'>procella</span> 
     </span>
     <span class='ocr_line' id='line_1_19' title="bbox 133 2165 637 2244; baseline -0.012 -20"><span class='ocrx_word' id='word_1_71' title='bbox 133 2176 250 2244; x_wconf 87' lang='lat' dir='ltr'>Usque</span> <span class='ocrx_word' id='word_1_72' title='bbox 265 2189 274 2228; x_wconf 89' lang='lat'>·‚</span> <span class='ocrx_word' id='word_1_73' title='bbox 294 2183 345 2220; x_wconf 85' lang='lat' dir='ltr'>nec</span> <span class='ocrx_word' id='word_1_74' title='bbox 361 2165 495 2218; x_wconf 78' lang='lat' dir='ltr'>Armeniis</span> <span class='ocrx_word' id='word_1_75' title='bbox 514 2166 543 2218; x_wconf 86' lang='lat' dir='ltr'>in</span> <span class='ocrx_word' id='word_1_76' title='bbox 562 2165 637 2230; x_wconf 78' lang='lat' dir='ltr'>oris,</span> 
     </span>
     <span class='ocr_line' id='line_1_20' title="bbox 40 2249 855 2324; baseline -0.027 -4"><span class='ocrx_word' id='word_1_77' title='bbox 40 2263 164 2320; x_wconf 78' lang='lat' dir='ltr'>Amice</span> <span class='ocrx_word' id='word_1_78' title='bbox 182 2253 280 2324; x_wconf 78' lang='lat' dir='ltr'>Valgi</span> <span class='ocrx_word' id='word_1_79' title='bbox 296 2291 305 2315; x_wconf 91' lang='lat'>‚</span> <span class='ocrx_word' id='word_1_80' title='bbox 322 2251 369 2303; x_wconf 87' lang='lat' dir='ltr'>star</span> <span class='ocrx_word' id='word_1_81' title='bbox 387 2249 486 2320; x_wconf 77' lang='lat' dir='ltr'>glacies</span> <span class='ocrx_word' id='word_1_82' title='bbox 505 2250 576 2304; x_wconf 75' lang='lat' dir='ltr'>iners</span> <span class='ocrx_word' id='word_1_83' title='bbox 670 2269 672 2273; x_wconf 92' lang='lat'>·</span> <span class='ocrx_word' id='word_1_84' title='bbox 841 2263 855 2322; x_wconf 74' lang='grc' dir='ltr'><strong>ς</strong></span> 
     </span>
     <span class='ocr_line' id='line_1_21' title="bbox 41 2335 660 2409; baseline -0.023 -4"><span class='ocrx_word' id='word_1_85' title='bbox 41 2347 182 2405; x_wconf 85' lang='lat' dir='ltr'>Menses</span> <span class='ocrx_word' id='word_1_86' title='bbox 207 2357 264 2409; x_wconf 86' lang='lat' dir='ltr'>per</span> <span class='ocrx_word' id='word_1_87' title='bbox 283 2353 377 2388; x_wconf 88' lang='lat' dir='ltr'>omnes</span> <span class='ocrx_word' id='word_1_88' title='bbox 394 2355 402 2396; x_wconf 80' lang='lat'>3</span> <span class='ocrx_word' id='word_1_89' title='bbox 421 2351 467 2388; x_wconf 85' lang='lat' dir='ltr'>aut</span> <span class='ocrx_word' id='word_1_90' title='bbox 484 2335 660 2405; x_wconf 77' lang='lat' dir='ltr'>Aquilonibus</span> 
     </span>
     <span class='ocr_line' id='line_1_22' title="bbox 86 2420 557 2502; baseline -0.028 -14"><span class='ocrx_word' id='word_1_91' title='bbox 86 2438 260 2502; x_wconf 83' lang='lat' dir='ltr'>Querceta</span> <span class='ocrx_word' id='word_1_92' title='bbox 281 2420 400 2494; x_wconf 76' lang='lat' dir='ltr'>Gargani</span> <span class='ocrx_word' id='word_1_93' title='bbox 418 2423 557 2486; x_wconf 72' lang='lat' dir='ltr'>laborant,</span> 
     </span>
     <span class='ocr_line' id='line_1_23' title="bbox 138 2509 541 2570; baseline -0.022 -1"><span class='ocrx_word' id='word_1_94' title='bbox 138 2519 183 2570; x_wconf 86' lang='lat' dir='ltr'>Et</span> <span class='ocrx_word' id='word_1_95' title='bbox 206 2509 289 2564; x_wconf 79' lang='lat' dir='ltr'>soliis</span> <span class='ocrx_word' id='word_1_96' title='bbox 308 2509 452 2560; x_wconf 83' lang='lat' dir='ltr'>viduantur</span> <span class='ocrx_word' id='word_1_97' title='bbox 471 2509 541 2560; x_wconf 88' lang='lat' dir='ltr'>orni.</span> 
     </span>
     <span class='ocr_line' id='line_1_24' title="bbox 43 2589 608 2664; baseline -0.012 -9"><span class='ocrx_word' id='word_1_98' title='bbox 43 2613 99 2664; x_wconf 75' lang='lat' dir='ltr'>Tu</span> <span class='ocrx_word' id='word_1_99' title='bbox 125 2604 254 2664; x_wconf 86' lang='lat' dir='ltr'>semper</span> <span class='ocrx_word' id='word_1_100' title='bbox 273 2609 351 2661; x_wconf 82' lang='lat' dir='ltr'>urges</span> <span class='ocrx_word' id='word_1_101' title='bbox 370 2589 501 2645; x_wconf 84' lang='lat' dir='ltr'>flebilibus</span> <span class='ocrx_word' id='word_1_102' title='bbox 520 2593 608 2648; x_wconf 74' lang='lat' dir='ltr'>modis</span> 
     </span>
     <span class='ocr_line' id='line_1_25' title="bbox 47 2678 860 2764; baseline -0.016 -23"><span class='ocrx_word' id='word_1_103' title='bbox 47 2689 191 2764; x_wconf 82' lang='lat' dir='ltr'>Mysten</span> <span class='ocrx_word' id='word_1_104' title='bbox 215 2681 371 2746; x_wconf 85' lang='lat' dir='ltr'>ademptum</span> <span class='ocrx_word' id='word_1_105' title='bbox 386 2695 394 2736; x_wconf 85' lang='lat'>;</span> <span class='ocrx_word' id='word_1_106' title='bbox 411 2693 460 2728; x_wconf 89' lang='lat' dir='ltr'>nec</span> <span class='ocrx_word' id='word_1_107' title='bbox 479 2678 528 2730; x_wconf 88' lang='lat' dir='ltr'>ribi</span> <span class='ocrx_word' id='word_1_108' title='bbox 544 2681 666 2749; x_wconf 85' lang='lat' dir='ltr'>Vespero</span> <span class='ocrx_word' id='word_1_109' title='bbox 826 2699 860 2738; x_wconf 67' lang='grc' dir='ltr'>ιο</span> 
     </span>
     <span class='ocr_line' id='line_1_26' title="bbox 96 2764 545 2840; baseline -0.016 -19"><span class='ocrx_word' id='word_1_110' title='bbox 96 2779 257 2840; x_wconf 71' lang='lat' dir='ltr'>§urgente</span> <span class='ocrx_word' id='word_1_111' title='bbox 277 2764 406 2814; x_wconf 84' lang='lat' dir='ltr'>decedunt</span> <span class='ocrx_word' id='word_1_112' title='bbox 424 2778 545 2827; x_wconf 85' lang='lat' dir='ltr'>amores,</span> 
     </span>
     <span class='ocr_line' id='line_1_27' title="bbox 148 2846 613 2920; baseline -0.015 -9"><span class='ocrx_word' id='word_1_113' title='bbox 148 2859 223 2915; x_wconf 78' lang='lat' dir='ltr'>Nec</span> <span class='ocrx_word' id='word_1_114' title='bbox 241 2848 364 2920; x_wconf 79' lang='lat' dir='ltr'>rapidum</span> <span class='ocrx_word' id='word_1_115' title='bbox 382 2846 500 2919; x_wconf 81' lang='lat' dir='ltr'>fugiente</span> <span class='ocrx_word' id='word_1_116' title='bbox 518 2849 613 2904; x_wconf 83' lang='lat' dir='ltr'>solem.</span> 
     </span>
    </p>
   </div>
   <div class='ocr_carea' id='block_1_6' title="bbox 0 0 994 3614">
    <p class='ocr_par' dir='ltr' id='par_1_12' title="bbox 0 0 994 3614">
     <span class='ocr_line' id='line_1_28' title="bbox 0 0 994 3614; baseline 0 0"><span class='ocrx_word' id='word_1_117' title='bbox 0 0 994 3614; x_wconf 95' lang='lat' dir='ltr'> </span> 
     </span>
    </p>
   </div>
  </div>
 </body>
</html>
