1980 3614
128 277 172 372 ᾗ
289 278 689 354 Crnmauum

101 405 169 460 lAh
188 406 193 455 !
214 416 240 454 te
259 419 325 454 meae
345 401 369 454 si
388 413 490 470 partem
510 396 604 452 animae
623 391 697 464 rapit

128 488 261 542 Maturior
279 487 344 551 vis,
363 487 429 555 quid
447 501 540 537 moror
560 485 662 543 altera,

103 585 104 588 ’
166 575 223 627 Nec
242 587 317 638 cartas
336 570 411 641 aequi
423 610 434 636 ‚s
449 586 499 622 nec
518 565 649 636 superstes

202 661 307 728 Integer
325 660 336 712 ἓ
353 658 402 709 llle
421 656 477 708 dies
497 666 637 719 utramque

133 748 220 798 Ducet
240 745 366 796 ruinam:
385 758 442 794 non
460 757 511 808 ego
531 733 661 806 perfidum

89 829 201 884 revixi
220 830 410 882 sacramentum
428 845 435 878 ε
456 824 573 884 ibimus,
590 817 714 880 ibimus,

171 916 322 983 Utcumque
341 912 492 982 ptaecedes‚
511 909 664 975 supremum
679 955 683 960 ,

209 1003 325 1067 Carpere
343 997 393 1050 iter
412 994 524 1049 comites
544 987 639 1059 parati.

135 1087 184 1140 Me
203 1101 251 1138 nec
270 1081 407 1154 Chimaerae
427 1078 533 1148 spiritus
554 1075 658 1144 igneas,

137 1174 214 1234 Nec,
233 1170 255 1221 si
274 1169 389 1237 resurgat
409 1163 572 1218 centimanus
593 1157 685 1226 Gyges
697 1191 711 1218 ,

92 1271 122 1325 ις
173 1255 293 1310 Divellet
312 1267 438 1320 umquam
457 1269 463 1302 r
485 1247 524 1298 sic
543 1239 652 1312 potenti

210 1336 321 1394 Justitiae
339 1334 519 1404 placitumque
537 1326 635 1380 Parcis.

110 1463 114 1470 -
140 1430 192 1482 Seu
211 1424 307 1488 Libra,
325 1423 371 1474 seu
391 1436 433 1472 me
451 1413 578 1483 Scorpius
598 1407 696 1480 aspicit

139 1508 360 1570 Formidolosus,
380 1521 440 1574 pars
460 1497 608 1568 violentior

178 1594 279 1649 Natalis
297 1593 390 1651 horae.
412 1589 458 1640 seu
479 1599 608 1656 tyrannus

97 1695 133 1735 ao
216 1677 350 1748 Hesperiae
370 1672 548 1742 Capricornus
567 1666 670 1724 undae;

142 1772 291 1836 Utrumque
310 1762 427 1818 nostrum
447 1753 595 1810 incredibili
612 1750 700 1802 modo

117 1924 119 1929 .
145 1853 286 1910 Consentit
305 1849 408 1903 astrum.
428 1846 468 1897 Te
486 1842 564 1897 lovis
584 1836 674 1906 impio

91 1981 92 1986 =
180 1941 277 1994 Tutela
294 1937 410 1989 Saturno
429 1929 561 1998 refulgens

219 2022 342 2093 Eripuit,
358 2013 529 2081 volucrisque
549 2007 597 2063 lati

101 2130 132 2182 25
145 2110 272 2167 Tardavit
292 2109 365 2168 alas,
383 2117 465 2172 quum
483 2098 599 2166 populus
618 2091 747 2160 frequent

148 2201 251 2252 Laetum
263 2189 378 2245 theatris
397 2203 436 2239 ter
456 2183 557 2250 crepuit
577 2180 696 2231 sonum:

186 2285 233 2338 Me
252 2294 359 2332 truncus
379 2271 484 2340 illapsus
505 2266 612 2320 cerebro

223 2365 385 2424 sustulerat,
403 2356 456 2410 nisi
474 2356 575 2406 Faunus
596 2348 679 2402 ictum

152 2453 254 2510 Dextri
273 2445 399 2508 levaffet,
416 2435 618 2494 Mercurialium

108 2553 141 2608 30
155 2540 246 2595 Custos
264 2534 396 2586 virorum.
415 2525 534 2578 Reddere
552 2517 698 2592 vitiimas,
741 2535 743 2538 ¹

190 2625 336 2689 AEclemque
354 2611 480 2670 votivam
499 2619 654 2660 memento:
683 2669 685 2673 Ι

226 2711 285 2766 Nos
303 2699 431 2758 humilem
449 2693 573 2751 feriemus
593 2702 699 2762 agnam.

501 2825 524 2882 t
