1960 3606
221 309 440 379 [taen
502 308 532 376 Ι.
671 324 739 397 303

9 427 121 480 Ennius
140 425 195 496 ipse
208 444 283 498 patet
298 444 444 497 numquam
460 425 514 478 nisi
530 439 611 494 potus
627 425 660 474 ad
673 437 745 474 arma

9 515 148 568 Prosiluit
162 516 281 569 dicenda.
295 517 393 569 Forum
407 517 550 584 putealque
563 512 673 566 Libonis

9 599 151 652 Mandabo
166 600 262 664 siccis,
276 603 390 654 adimam
405 617 508 654 cantare
524 599 634 652 severis.

10 683 74 738 Hoc
91 687 178 740 simul
192 687 283 751 edixi,
298 704 355 739 nou
369 687 500 740 cessavere
514 685 602 754 poeta
751 698 786 736 to

10 771 159 824 Nocturno
178 788 279 825 certate
297 789 389 837 mero,
405 788 498 842 putere
513 771 619 823 diurno.

12 856 87 922 Quid
100 860 113 912 l
127 857 152 908 si
169 858 229 926 quis
244 860 322 910 vultu
338 873 419 912 torvo
434 859 520 920 setus,
531 857 635 924 &pede
649 853 736 913 nudo,

10 941 183 1012 Exiguaeque
199 957 269 1012 toga
285 943 393 996 simulet
408 957 513 995 textore
527 942 673 1002 Catonem,

11 1027 191 1081 virtutemne
208 1028 376 1097 repraesentet
392 1028 530 1095 moresque
547 1024 681 1079 Catonis?

13 1111 99 1181 Rupit
117 1113 275 1183 Hyarbitam
290 1112 445 1182 Timagenis
462 1115 555 1164 aemula
571 1110 680 1179 lingua,
752 1132 784 1184 15

13 1199 90 1250 Dum
107 1199 195 1251 studet
211 1199 342 1262 urbanus,
358 1197 493 1264 tenditque
511 1195 622 1248 disertus
638 1190 738 1246 haberi.

15 1284 132 1354 Decipit
145 1285 283 1352 exemplar
296 1283 372 1336 vitiis
385 1279 525 1334 imitabile.
539 1279 619 1346 Quod
633 1281 657 1331 si

16 1367 151 1432 Pallerem
169 1369 246 1434 casu,
260 1369 380 1422 biberent
396 1366 527 1436 exsangue
544 1365 691 1420 cuminum·

18 1454 45 1506 0
61 1455 231 1518 imitatores,
242 1455 348 1506 servum
362 1468 461 1520 pecus,
473 1467 503 1503 ut
518 1451 584 1504 mihi
597 1451 666 1519 saepe

18 1539 109 1592 Bilem
120 1579 130 1604 ,
142 1542 209 1608 saepe
224 1539 317 1605 jocum
331 1537 412 1590 vestri
426 1555 536 1592 movere
551 1540 699 1590 tumultus!
752 1559 789 1598 20

19 1625 116 1680 Libera
133 1643 180 1694 per
193 1641 309 1678 vacuum
324 1623 401 1692 posui
414 1622 523 1693 vestigia
538 1623 680 1692 princeps;

18 1711 83 1762 Non
100 1712 189 1764 aliena
205 1725 266 1762 meo
283 1708 368 1777 pressi
385 1710 461 1776 pede.
474 1708 529 1775 Qui
546 1707 597 1760 sibi
613 1708 690 1771 fidit,

18 1793 82 1846 Dux
98 1795 172 1864 regit
188 1810 308 1847 examen.
323 1793 415 1846 Parios
429 1810 480 1863 ego
496 1794 596 1862 primus
610 1795 716 1846 lambos

21 1880 136 1934 Ostendi
151 1879 247 1944 Latio,
262 1895 388 1933 numeros
406 1865 560 1948 animosque
575 1879 699 1948 sequutus

22 1963 193 2030 Archilochi,
206 1983 263 2019 non
276 1985 318 2022 tes
332 1965 473 2036 &agentia
486 1965 567 2017 verba
579 1964 740 2033 Lycamben.
754 1985 786 2038 ις

23 2052 63 2103 Ac
76 2070 111 2106 ne
127 2070 170 2106 me
185 2051 260 2105 foliis
276 2053 337 2106 ideo
354 2050 520 2104 brevioribus
535 2065 633 2110 ornes,

23 2132 107 2198 Qubd
121 2137 200 2188 timui
216 2151 318 2188 mutate
334 2136 430 2186 modos
446 2132 607 2184 &carminis
623 2146 724 2192 artem3

23 2217 745 2290 TemperatArchilochiMusampedemasculaSappho,
790 2201 800 2231 s
867 2255 870 2258 -
961 2220 964 2224 '

26 2304 169 2377 Temperat
183 2308 286 2358 Alcaeus
299 2323 308 2364 3
321 2305 365 2358 sed
381 2304 457 2356 rebus
474 2303 501 2354 bc
516 2301 610 2355 ordine
625 2303 724 2372 dispar,

27 2391 80 2444 Nec
90 2395 213 2446 socerum
224 2390 331 2460 quaerit,
339 2405 417 2457 quem
429 2387 548 2440 versibus
561 2387 661 2440 oblinat
672 2387 749 2452 atris,
759 2411 793 2464 3⁰

27 2477 81 2529 Nec
95 2477 198 2546 sponsae
213 2479 337 2545 laqueum
352 2473 455 2526 famoso
471 2471 586 2526 carmine
601 2474 692 2529 nesbit.

27 2557 103 2614 llune
116 2579 182 2631 ego,
196 2578 252 2612 non
264 2561 320 2614 alio
334 2557 433 2618 dissum
448 2555 522 2625 prius
536 2575 598 2624 ore,
610 2559 717 2614 Latinus

29 2644 144 2718 Vulgari
157 2646 263 2700 fidicen.
274 2648 354 2702 Juvat
367 2647 551 2698 immemorata
563 2646 691 2698 serentem

29 2729 152 2801 lugendis
169 2733 305 2801 oculisque
320 2731 389 2801 legi,
401 2729 571 2796 manibusque
586 2730 678 2780 teneri.

32 2815 101 2869 Scire
116 2818 204 2879 velis,
218 2832 276 2868 mea
293 2831 338 2866 cur
353 2814 469 2881 ingratus
485 2810 611 2878 opuscula
626 2808 710 2860 leslor
758 2839 789 2894 35

31 2893 745 2972 Laudetametquedomi,prematexttalimeniniquusl
