1916 3602
240 298 460 370 LIBER
509 297 531 367 l
542 297 571 365 l.
695 309 760 385 253

61 407 176 477 Pertinet,
184 414 209 468 δι
218 420 319 474 nescire
332 423 431 474 malum
442 417 621 488 efflagitamus
629 423 766 465 :utmmne

59 486 162 548 Divitiis
180 501 327 568 homines,
347 521 381 556 art
399 504 454 556 sint
473 503 572 554 virrute
589 495 660 550 beati
675 513 685 553 3

50 579 158 643 ¹Quidve
172 588 203 638 ad
218 589 366 653 amicitias,
376 590 437 641 usus
451 587 599 648 redumne,
609 583 694 634 trahat
705 593 753 629 nos
762 593 813 649 ’γη

56 663 86 714 Et
100 683 155 734 que
172 669 208 722 sit
225 689 319 726 tratura
333 674 414 738 boni,
427 673 610 738 summumque
625 666 690 736 quid
703 663 769 728 elffi-

59 750 163 806 Cervius
183 757 242 808 haec
261 759 330 811 inter
349 759 453 812 vicinus
473 757 552 827 garrit
571 755 653 806 aniles

56 835 91 888 Ex
108 856 134 892 re
153 843 274 898 fabellas.
294 847 362 898 Nam
381 845 482 914 siquis
501 845 587 896 laudat
604 840 685 892 Arelli

52 924 182 982 Sollicitas
203 931 311 1000 ignarus
331 949 416 1001 opes,
436 931 474 983 sic
493 929 586 997 incipit
605 947 612 980 r
634 925 709 980 Olim

56 1003 168 1064 Rusticus
187 1017 320 1068 urbanum
339 1033 440 1069 murem
459 1033 517 1068 mus
536 1029 650 1083 paupere
668 1012 751 1064 lerrur
783 1017 818 1068 ες

50 1091 182 1163 ,Αςεερίίΐε
203 1116 289 1164 cavo,
300 1115 418 1154 veterem
434 1116 511 1154 vetus
527 1100 623 1166 hospes
638 1095 772 1157 amicum,

57 1171 145 1242 Asper,
159 1183 186 1233 ἃ
202 1198 320 1236 attentus
339 1185 456 1254 quesitis
472 1205 481 1245 ;
498 1200 527 1237 ut
546 1199 635 1236 tamen
653 1180 754 1232 ardum

56 1259 171 1318 Solveret
180 1269 308 1337 hospitiis
317 1269 518 1338 animquuid
526 1270 719 1334 multalneque
727 1263 773 1316 ille

58 1342 167 1412 Seposirt
187 1353 305 1416 ciceris,
321 1371 369 1407 nec
387 1358 473 1424 longae
494 1353 593 1405 invidit
610 1369 723 1405 avenae:

57 1429 158 1487 ludum
179 1439 206 1490 δι
224 1456 273 1491 ore
292 1441 378 1492 ferens
397 1439 522 1502 acinum,
538 1437 689 1506 semesaque
706 1432 771 1487 lardi
783 1443 817 1508 85

57 1513 135 1582 frusta
153 1524 251 1586 dedit,
271 1523 380 1592 cupiens
398 1523 472 1576 varid
491 1521 588 1575 fastidia
609 1520 686 1574 coeni

57 1597 321 1678 Vinceretangentis
340 1609 406 1662 male
427 1608 530 1679 singula
547 1610 623 1660 dente
640 1607 773 1676 luperb05

58 1685 142 1750 Quum
154 1710 230 1760 pater
240 1694 295 1761 ipse
306 1695 491 1761 domus,palea
499 1693 633 1762 portellas
644 1693 671 1744 in
679 1694 774 1754 horna,

57 1768 125 1824 Effer
138 1779 216 1842 ador,
228 1779 393 1848 loliumque,
405 1779 478 1846 dapis
490 1779 600 1831 meliora
611 1777 773 1845 relinquens.

57 1854 172 1914 Tandem
180 1865 293 1916 urbanus
303 1865 335 1915 ad
342 1864 500 1930 hunc:Quid
510 1879 534 1916 te
544 1862 822 1932 juvatinquitamice,

58 1939 184 2015 Praerupti
204 1949 323 2002 nemoris
343 1948 486 2017 patientem
506 1949 600 2002 vivere
620 1948 729 2000 dorso?
787 1967 819 2019 91

59 2025 106 2080 Vis
115 2045 143 2083 tu
151 2034 276 2088 homines
286 2035 429 2104 urbemque
438 2035 501 2087 letis
511 2050 665 2102 preponere
676 2031 778 2101 sylvis?

61 2109 142 2181 Carpe
152 2118 309 2177 viam,mihi
320 2121 501 2183 erede,eomes
511 2137 520 2178 3
529 2117 657 2170 terrestria
669 2119 776 2185 quando

61 2193 186 2254 Mortales
203 2205 302 2256 animas
319 2204 418 2256 vivunt
435 2203 542 2265 sortita,
555 2219 639 2271 neque
656 2205 709 2255 ulla
722 2203 758 2256 est
864 2261 867 2270 ¹

61 2277 110 2334 Aut
120 2303 226 2358 magno,
233 2304 277 2340 aut
286 2306 370 2357 parvo
380 2288 446 2341 lethi
455 2289 526 2358 fuga.
533 2289 691 2354 Quo,bone‚
698 2289 775 2352 circa,
789 2314 821 2367 95

61 2365 130 2424 Dum
148 2375 232 2438 licet,
249 2373 278 2426 in
296 2376 374 2427 rebus
395 2373 515 2439 jucundis
534 2381 598 2426 vive
617 2376 709 2428 beatus
722 2379 749 2436 ς’

61 2451 128 2510 Vive
142 2477 246 2512 memor
260 2459 338 2528 quim
352 2459 388 2510 sis
403 2459 456 2509 aevi
468 2459 566 2512 brevis.
579 2461 642 2513 Hac
654 2463 698 2514 ubi
711 2463 779 2514 dieta

63 2535 193 2608 Agrestem
213 2547 337 2612 pepulere
352 2581 361 2606 ,
376 2544 458 2596 domo
477 2542 545 2596 levis
565 2545 656 2597 exsilit
673 2565 682 2604 ς
700 2545 760 2597 iude

63 2625 144 2681 Ambo
161 2629 332 2698 propositum
350 2643 478 2697 peragunt
496 2627 563 2692 iter,
579 2629 652 2680 urbis
669 2643 779 2681 aventes

62 2707 161 2769 Moenia
180 2713 304 2766 noeturni
324 2715 471 2782 subrepere.
490 2715 600 2782 Jamque
620 2715 724 2766 tenebat
780 2739 828 2777 100

63 2794 123 2850 Nox
135 2800 251 2852 medium
264 2799 327 2851 coeli
343 2799 454 2866 spatium
464 2837 472 2861 ‚
482 2815 563 2866 quum
577 2797 654 2866 ponit
666 2813 777 2872 uterque

61 2875 90 2931 ln
106 2885 243 2955 locuplete
263 2885 344 2938 domo
362 2881 495 2954 vestigia,
514 2883 594 2937 rubro
612 2884 659 2938 ubi
679 2899 760 2942 cocco
