1960 3606
110 597 489 689 Etrsrorr
552 597 712 685 XVI,

159 779 246 838 Ar)
298 778 657 861 Qurnrrun.

60 917 135 978 Villa
148 919 207 999 fite
220 919 359 1001 firmam,
377 927 478 994 situm,
495 925 635 984 commoda
652 921 768 1002 Quintio

94 1019 236 1098 describit:
251 1041 305 1084 tum
320 1027 383 1085 terii
391 1022 524 1104 firdonem
539 1019 700 1100 conscientiii
710 1041 770 1100 pro·

95 1119 216 1191 bitatem,
218 1125 353 1204 probitate
361 1125 505 1186 libertatem
514 1125 628 1204 constare
635 1121 769 1181 admonet.

95 1225 119 1268 Τ

57 1227 110 1341 ᾖ
122 1301 138 1344 Ε
150 1298 315 1362 perconteris
323 1338 331 1362 ,
339 1299 435 1352 fundus
445 1316 535 1360 meus,
546 1294 647 1365 optime
657 1289 768 1358 Quinti,

57 1375 127 1428 Arvo
139 1379 228 1446 pascat
239 1382 350 1446 herum,
361 1401 394 1434 an
406 1384 492 1435 baccis
504 1383 642 1449 opulentet
653 1375 751 1439 olivae,

59 1458 194 1528 Pomisne,
206 1481 240 1518 an
254 1468 352 1535 pratis,
364 1484 399 1520 an
412 1467 507 1520 amicid
522 1466 621 1518 vitibus
636 1465 710 1514 ulmo
722 1479 733 1520 3

61 1547 188 1604 Sctihetut
203 1553 251 1606 tibi
265 1556 350 1608 forma
364 1555 525 1623 loquaciter,
537 1553 563 1603 ἃ
574 1552 641 1604 situs
655 1548 721 1620 agri.

58 1634 187 1688 Continui
204 1653 326 1696 montes,
341 1638 392 1688 nisi
409 1635 578 1704 dissocientur
593 1632 676 1701 opaci
803 1643 816 1696 ς

59 1714 150 1778 ‚Vellet
160 1721 204 1771 sed
213 1737 243 1772 ut
251 1724 362 1775 veniens
374 1724 495 1774 dextrum
505 1725 572 1772 latus
584 1717 709 1786 adspiciat
720 1716 774 1784 sol,

60 1799 169 1855 Laevutu
184 1805 308 1859 decedens
322 1825 399 1858 cuttu
412 1805 528 1875 fugiente
541 1818 662 1873 vaporet.
706 1839 708 1846 ·

61 1887 226 1956 Temperiem
239 1893 336 1944 laudes.
347 1892 433 1958 Quid,
443 1892 466 1944 si
476 1889 617 1942 rubicunda
626 1885 736 1955 benigni

62 1971 146 2025 Coma
156 1990 254 2041 vepres
265 1976 383 2042 &pruna
394 1976 480 2028 ferunt
491 1978 501 2028 ἔ
514 1975 537 2026 si
547 1990 672 2042 quercus,
682 1973 707 2022 ἃ
717 1971 772 2022 ilex
790 2041 792 2046 ,
854 1973 856 1980 '

61 2055 144 2108 Multi
155 2059 229 2128 fruge
241 2060 421 2126 pecusmulte
432 2059 569 2110 dominum
580 2055 654 2120 iuvat
663 2056 773 2107 umbri?
787 2073 820 2110 ιο

62 2139 137 2196 Dicas
153 2143 292 2196 adducium
306 2144 416 2212 propius
430 2144 551 2194 frondete
562 2142 717 2193 Tarentum.

62 2226 127 2280 Fons
144 2229 225 2280 eriam
239 2229 301 2280 tivo
317 2231 376 2281 dare
392 2243 492 2280 nomen
506 2226 632 2287 idoneus,
645 2241 674 2276 ut
688 2243 737 2279 nec

60 2312 190 2381 Frigidior
201 2315 346 2377 Thracam,
359 2330 408 2365 nec
423 2313 515 2380 purior
529 2311 626 2364 ambiat
639 2312 760 2374 Hebrus,

62 2396 172 2450 infirmo
189 2398 269 2466 capiti
287 2398 347 2450 fluit
364 2397 452 2459 utilis,
468 2395 541 2450 utilis
556 2399 629 2451 alvo.

63 2482 108 2534 Hae
120 2485 226 2535 latebra
239 2486 344 2542 dulces,
359 2484 384 2542 δι
397 2481 466 2550 (jam
479 2481 502 2533 si
513 2483 614 2550 credis)
626 2501 752 2545 amoenae,
789 2501 819 2554 15

63 2567 225 2620 incolumem
237 2569 285 2620 tibi
298 2583 340 2619 me
352 2567 473 2634 praestant
483 2568 678 2636 Septembribus
689 2568 774 2622 horis.

62 2651 103 2703 Tu
118 2651 189 2704 reete
202 2651 289 2714 vivis,
302 2652 325 2704 si
339 2668 413 2704 curas
426 2651 477 2704 effe
491 2656 563 2720 quod
574 2655 658 2712 audis.
723 2715 728 2723 .

62 2734 192 2788 Jaeamus
202 2735 356 2802 jampridem
372 2737 460 2788 omnis
474 2751 500 2788 te
513 2738 599 2788 Roma
612 2737 738 2808 beatum1:

61 2821 110 2871 Sed
126 2837 220 2872 vereor
236 2835 269 2871 ne
286 2819 329 2871 cui
345 2820 376 2871 de
391 2836 418 2870 te
434 2823 492 2887 plus
511 2819 589 2888 quim
603 2821 651 2872 ribi
666 2824 773 2883 credas3
857 2816 868 2823 ’

60 2905 135 2957 Neve
150 2920 226 2974 putes
241 2903 324 2959 alium
340 2903 456 2973 sapiente
472 2907 598 2984 bonoque
613 2909 736 2962 beatum:
788 2929 823 2966 ιο

554 2991 628 3058 Niij
