1922 3598
187 323 259 392 224
332 307 757 382 Sarrnnnvm

186 429 297 484 cesaris
317 429 412 487 invidi
431 451 474 490 tes
493 435 597 502 dicere,
612 437 694 488 multa
710 433 830 486 labomta

187 512 298 568 Praemia
316 517 425 574 laturus.
445 521 597 590 cupidum,
611 536 683 590 pater
700 517 819 590 optime,
829 505 889 566 bird

188 599 335 654 Deficiunt.
355 604 449 674 Neque
467 606 541 660 enim
559 607 650 676 quivis
669 602 803 658 horrentia
820 595 874 667 pilis

190 686 319 756 Agmina,
335 705 384 742 nec
402 689 484 744 traua
502 707 643 762 pereuntes
664 687 770 758 cuspide
788 685 886 744 cellon

144 773 177 824 15
192 773 245 824 Aut
262 773 374 826 labentis
393 791 464 844 equo
484 777 610 830 describat
628 778 742 830 vulnera
759 767 852 824 Parthi.

191 856 318 912 Attamen
338 858 364 912 ἂ
379 857 477 926 iustum
495 876 603 930 poteras
623 863 650 915 dt
666 859 784 915 scribere
800 854 896 913 sortem}

192 942 339 1011 Scipiadam
353 959 384 998 ut
398 945 502 1014 sapiens
515 947 641 1002 Lucilius.
654 947 732 999 Haud
746 940 812 998 milti
824 941 899 998 deero·

192 1029 286 1094 Quum
299 1046 342 1083 tes
354 1029 411 1100 ipsa
421 1031 497 1085 seret.
505 1032 567 1086 Nisi
578 1035 673 1086 dextro
686 1016 897 1098 temporeJlatei

194 1115 282 1170 Verba
297 1132 345 1184 per
360 1129 487 1170 attentam
502 1133 559 1169 non
574 1116 650 1171 ibunt
664 1112 777 1170 Caesaris
793 1121 884 1164 auteml

148 1205 184 1245 ²0
197 1199 248 1253 Cui
267 1197 336 1252 mal'e
356 1200 379 1254 si
396 1203 519 1272 palpere,
532 1201 680 1256 recalcitrat
698 1198 816 1268 undique
833 1205 900 1244 tum·

196 1283 307 1350 Quantb
326 1283 423 1340 resiius
441 1285 511 1350 hoc,
525 1283 690 1355 qudm'tristi
709 1287 806 1339 laedere
822 1274 887 1332 versu

196 1370 370 1424 Pantolabum
381 1370 495 1425 scutram
502 1411 510 1436 ,
517 1374 774 1442 Nomentanumque
784 1373 900 1434 nepotem

198 1457 290 1522 Quum
303 1455 353 1510 sibi
364 1455 474 1526 quisque
485 1457 573 1522 timet,
580 1473 743 1528 quamquam
753 1454 790 1509 esi
798 1437 927 1506 incedut&

200 1541 274 1608 Quid
292 1541 387 1596 faciam
401 1545 412 1594 ἒ
428 1543 503 1596 saltat
517 1543 666 1608 Milonius,
682 1558 714 1596 ut
731 1540 813 1596 semel
829 1532 875 1588 isto

152 1632 183 1682 ²5
201 1619 319 1684 Accessit
336 1629 428 1683 servor
445 1629 544 1699 capiti,
557 1631 735 1699 numemrsque
754 1621 871 1684 lucernis.

201 1714 295 1768 Casior
314 1717 409 1785 gaudet
427 1715 523 1784 equis,
540 1731 597 1768 ovo
615 1731 766 1784 prognatus
784 1711 883 1766 eodem·

200 1800 309 1871 Pugnis.
317 1801 393 1867 Quot
404 1799 521 1868 capitum
532 1799 770 1863 vivunt‚totidetn
780 1792 903 1850 studiorum

200 1887 297 1944 Millia.
318 1887 363 1939 Me
382 1885 492 1954 pedibus
512 1884 623 1938 delebiat
641 1887 764 1954 claudere
783 1882 871 1940 verba.
948 1887 949 1923 l

200 1963 290 2027 Lucili
308 1972 379 2034 ritu,
399 1969 514 2022 nostrum
535 1971 655 2024 melioris
673 1986 801 2043 utroque.
950 1971 951 1996 ¹

157 2061 249 2114 30111e
268 2062 344 2113 velut
362 2057 422 2112 fidis
441 2072 534 2110 arcana
553 2057 685 2111 sodalibus
705 2060 775 2112 olim

204 2147 332 2198 Credebat
346 2143 419 2199 libris
431 2159 439 2206 3
453 2160 555 2213 neque,
567 2144 591 2196 si
603 2143 671 2198 malb
683 2145 805 2210 cesserat,
815 2141 905 2212 usquam

203 2231 356 2284 Decurretts
373 2227 442 2292 alid,
453 2245 538 2298 neque
554 2227 578 2282 si
592 2230 668 2284 bene.
676 2231 739 2300 Quo
752 2232 784 2287 lit
795 2246 824 2284 ut
834 2220 906 2282 omuis

205 2315 308 2368 Votivb
327 2328 415 2384 pateat
434 2313 520 2366 veluti
539 2313 667 2383 descripta
686 2318 782 2374 tabelli

205 2399 268 2453 Vita
280 2399 358 2451 senis.
367 2400 469 2468 Sequor
477 2397 692 2463 bunc,1.ucanus
702 2417 735 2454 an
745 2401 873 2472 Appulus.
881 2387 951 2447 anceps*

160 2493 190 2548 35
206 2481 274 2539 Nam
280 2483 433 2538 Venusinus
444 2497 499 2538 arat
509 2482 590 2536 finem
600 2484 645 2536 sub
654 2499 796 2556 utrumque
804 2486 909 2539 colonus.

146 2575 151 2587 ‘
207 2571 300 2626 Misius
313 2572 345 2622 ad
356 2571 424 2632 hoc,
434 2567 531 2636 pulsis,
539 2582 617 2622 vetus
627 2567 664 2622 est
675 2585 704 2623 ut
715 2570 783 2626 sama
791 2611 799 2636 ,
807 2559 910 2623 Sabellssi

207 2656 272 2725 Qud
290 2673 324 2708 ne
340 2671 391 2728 perg·
402 2670 516 2706 vacuum
529 2651 652 2708 Romano
667 2654 813 2711 incurreret
825 2648 910 2708 hostin

208 2745 271 2796 Sive
283 2743 356 2814 quod
364 2737 468 2809 Appula
480 2754 560 2808 gens,
569 2738 615 2791 seu
625 2742 697 2808 quod
707 2740 819 2795 Lucania
828 2738 910 2793 bellum

209 2830 341 2880 incuteret
350 2825 480 2878 violenta.
487 2823 537 2874 Sed
548 2821 592 2880 hic
603 2822 684 2894 stylus
695 2827 764 2879 haud
776 2839 846 2896 petet
853 2823 910 2876 ultro

151 2927 198 2995 ο40
213 2915 382 2984 Quemquam
394 2909 571 2969 animantem
581 2908 658 2964 &me
667 2894 934 2968 veludcustodurni·
