1980 3614
296 601 619 692 CARMEN
679 599 826 694 XIV.

370 784 454 844 AD
502 787 750 854 NAVum,

207 925 273 1004 Qud
282 927 623 1014 revehebanturinAEgeum
632 953 702 991 mare
709 927 791 989 amici
795 926 934 994 Horatii,

239 1041 319 1098 quum
330 1020 384 1101 ipse
394 1026 509 1083 Romam
521 1043 634 1107 repetens
647 1023 682 1084 ab
694 1025 729 1081 iis
741 1019 891 1134 disssd‘s‘i

790 1133 798 1159 Ι

769 1157 781 1179 7„

210 1147 275 1270 O
295 1230 416 1272 urvrs
432 1223 439 1273 !
456 1221 570 1274 reserent
590 1221 619 1274 in
638 1236 709 1273 mare
728 1233 754 1272 re
772 1213 841 1271 nori

206 1299 310 1353 Fluaus
328 1305 333 1355 !
351 1302 368 1355 ὀ
385 1303 449 1372 quid
468 1306 523 1376 agis
540 1307 551 1360 ἓ
568 1305 673 1359 fortiter
692 1319 793 1372 occupa

243 1385 362 1438 Portum.
381 1389 477 1442 Nonne
494 1389 570 1443 vides
591 1405 621 1443 ur

278 1471 384 1523 Nudum
403 1473 516 1544 remigio
535 1476 626 1535 lutus3

180 1565 192 1620 5
207 1553 240 1606 Et
259 1555 343 1606 malus
362 1556 442 1608 celeri
460 1557 560 1611 saucius
577 1558 683 1622 Africo,

206 1639 388 1708 Antennaeque
407 1645 538 1712 gemant}
557 1659 586 1697 ac
605 1643 661 1697 sine
681 1640 786 1697 funibus

243 1723 302 1775 Vix
319 1725 409 1774 durare
427 1724 522 1778 carinre

279 1805 386 1859 Possint
404 1806 574 1877 imperiosius
691 1871 693 1875 ¹

207 1893 311 1963 AEquor
325 1894 336 1946 ἓ
352 1894 415 1944 Non
433 1893 482 1946 tibi
501 1896 560 1947 sunt
578 1895 679 1965 integra
695 1895 795 1948 lintear

164 1994 198 2034 ιο
209 1979 272 2029 Non
287 1977 341 2040 Di,
358 1995 425 2045 quos
444 1978 540 2031 iterum
559 1980 641 2046 preffi
656 1998 738 2034 voces
755 1983 847 2041 mainz

247 2061 379 2128 Quamvis
395 2061 505 2115 Pontica
523 2063 619 2130 pinus,

283 2147 373 2214 Sylvae
393 2145 449 2198 filia
468 2147 584 2210 nobilis,

210 2231 295 2287 sacres
314 2231 340 2282 δε
355 2247 455 2299 genus,
475 2232 501 2280 &
516 2247 615 2284 nomen
632 2230 738 2284 inutile.

211 2318 258 2370 Nil
277 2315 354 2384 piffis
375 2315 481 2367 timidus
500 2315 589 2367 navita
606 2317 737 2385 puppibus

168 2417 198 2470 ¹5
248 2399 317 2456 Fidit
332 2419 340 2454 r
358 2413 403 2463 tu,
420 2399 472 2452 nisi
489 2400 579 2453 ventis

285 2488 375 2539 Debes
397 2483 555 2548 ludibrium,
572 2501 648 2538 cave.

213 2576 305 2642 Nuper
321 2570 465 2624 sollicitum
483 2587 541 2638 quae
559 2570 626 2621 mihi
643 2569 770 2632 taedium,
815 2560 817 2563 ⁵
860 2577 862 2580 '

213 2663 293 2714 Nunc
311 2655 469 2709 desiderium
488 2671 600 2724 curaque
620 2672 674 2708 non
693 2657 781 2724 levis,

250 2742 378 2798 Interfusa
398 2739 513 2792 nitentes

168 2841 205 2882 ιο
287 2827 365 2885 Vites
383 2841 490 2896 equora
507 2821 645 2896 cycladas.
