2046 3608
239 320 284 372 22
395 305 797 380 CAuM‘rrouus

228 451 955 537 'emmae-affl·

346 570 383 654 C
402 575 437 653 A
458 572 498 654 R
517 573 564 655 M
583 571 615 654 E
636 570 676 654 N
723 571 763 652 V
781 571 797 652 l
814 569 845 652 l.

277 721 345 780 Ao
365 717 642 780 MUNATIUM
660 719 912 779 PLANcuM.

235 844 322 907 Alios
336 847 402 907 aliis
411 890 422 917 ,
438 849 492 906 sibi
511 848 676 910 Tiburtinam
693 850 820 928 regionem
831 849 957 928 placere.

396 939 549 998 cohortatio
570 941 610 998 ad
627 939 788 1018 voluptates.

203 1041 956 1174 ReunbsuuualiiclaramRhodon,autMitylenen,

305 1189 517 1256 inrepertum,
534 1188 674 1241 bimarisve
692 1189 815 1241 Corinthi

233 1272 955 1346 Moenia,velbacchoThebas,velApollineDelphos

303 1357 443 1426 insignes,
462 1373 507 1410 aut
522 1357 642 1412 Thessala
657 1359 768 1426 Tempe.

206 1456 217 1508 5
231 1441 296 1492 Sunt
307 1443 400 1510 quibus
409 1459 490 1494 unum
500 1461 568 1510 opus
579 1442 615 1494 est
622 1441 725 1495 iutastae
735 1442 846 1496 Palladis
854 1445 951 1501 urbem

303 1526 427 1578 Carmine
442 1541 573 1595 perpetuo
587 1528 735 1591 celebrare,
751 1528 777 1578 δι

230 1609 355 1678 Undique
369 1613 519 1678 decerptam
534 1610 617 1663 fronti
627 1627 784 1679 praeponere
796 1609 909 1670 olivam.

302 1694 433 1749 Plurimus
449 1696 477 1746 in
491 1695 604 1750 iunonis
618 1695 750 1747 honorem

230 1781 327 1847 Aprum
343 1778 406 1832 dicit
421 1780 497 1848 equis
513 1782 617 1850 Argos,
633 1778 750 1847 ditesque
767 1777 908 1849 Mycenas.

184 1877 217 1915 ιο
300 1865 347 1917 Me
364 1881 413 1918 nec
429 1878 484 1917 turn
499 1864 602 1932 pariens
618 1863 811 1927 Lacedaemon,

228 1951 284 2000 Nec
300 1963 352 2000 ram
366 1948 470 2002 Lariffae
487 1946 619 2016 percussit
632 1963 739 2014 campus
755 1947 873 2014 opime,

301 2031 388 2098 Quint
404 2036 499 2086 domus
514 2032 638 2083 Albunea
655 2031 820 2096 resonantis,

228 2117 260 2166 Et
274 2131 392 2184 preceps
409 2118 499 2178 Anio,
521 2117 547 2167 δι
561 2115 673 2167 Tiburni
687 2117 782 2180 lucus,
801 2117 827 2169 δι
844 2117 897 2172 ιιάι·

299 2201 444 2254 Mobilibus
463 2201 584 2269 pomaria
599 2197 675 2251 rivis.

182 2301 212 2354 15
227 2285 308 2336 Albus
324 2298 353 2336 ut
367 2285 480 2337 obscuro
496 2285 611 2352 deterget
625 2283 712 2338 nubila
726 2285 798 2337 coelo

299 2369 373 2436 Saepe
389 2371 494 2430 Notus,
510 2384 595 2435 neque
609 2368 720 2435 parturit
737 2369 832 2420 imbres

227 2453 371 2522 Perpetuos
383 2470 392 2512 ·,
408 2452 447 2504 sic
461 2468 490 2506 tu
507 2452 609 2520 sapiens
623 2451 699 2504 finire
715 2470 851 2508 memento

299 2536 442 2589 Tristitiam
458 2535 574 2604 vitaeque
588 2538 691 2590 labotes

227 2623 327 2681 Molli,
342 2622 456 2683 Plance,
472 2637 566 2679 mer0·‚
583 2622 627 2673 seu
643 2637 668 2672 te
683 2623 813 2690 fulgentia
827 2625 913 2696 siguis
957 2668 961 2674 .

178 2734 213 2771 20
300 2705 386 2759 Castra
400 2717 510 2768 tenent,
527 2705 571 2759 seu
588 2705 665 2756 densa
679 2707 780 2759 tenebit

226 2789 331 2844 Tiburis
343 2791 434 2842 umbra
445 2789 494 2841 rui.
508 2789 609 2840 Teucer
619 2789 750 2841 Salamina
761 2801 919 2863 patremque

298 2875 389 2943 Quum
403 2874 524 2947 fugeret,
539 2886 627 2927 temen
642 2875 693 2928 uda
706 2875 790 2946 Lyaeo
