1916 3602
192 292 273 348 m
347 283 780 360 Surruuuutu

140 431 158 483 '.
155 391 189 448 95
203 397 291 468 Atque
306 401 375 458 alios
386 409 474 479 legere
485 414 518 466 ad
528 413 638 474 fastum
648 415 832 484 quoscumque
844 405 950 482 patentes

203 485 318 562 Optatet
333 491 386 545 sibi
401 496 529 566 quisque:
542 500 609 554 meis
625 516 784 564 contentus,
796 498 907 551 onustos

203 571 340 640 Fascibus
355 577 381 630 δι
395 580 465 636 sellis
481 586 583 638 nollem
598 585 666 638 mihi
682 585 803 648 sumere,
816 581 951 637 demens

203 657 310 714 Iudicio
328 665 424 734 vulgi,
441 668 518 722 sanus
536 669 659 724 sortasse
660 686 734 731 tuo,
752 668 827 740 quod

204 748 312 800 Nollem
327 766 396 804 onus
408 754 477 806 haud
487 772 614 824 umquam
628 756 723 809 solitus
735 772 844 826 portate
856 749 952 836 molesti

147 833 197 876 ¹00
206 837 275 888 Nam
292 835 361 889 mihi
377 839 508 894 contioub
524 841 611 908 major
626 843 767 911 querenda
781 841 853 894 soret
869 857 923 901 res,

206 921 293 992 Atque
312 922 440 977 salutandi
459 927 571 995 plures;
590 929 721 980 ducendus
742 927 769 979 δι
785 943 874 990 unus,
952 924 953 998 l

206 1009 239 1059 Et
257 1025 347 1062 comes
367 1012 448 1076 alter,
463 1012 504 1064 uft
522 1030 555 1066 ue
574 1013 647 1066 solus
666 1014 762 1070 rusve,
783 1029 923 1085 peregreve

206 1087 337 1148 Exirem3
354 1093 444 1159 plures
462 1096 589 1158 calones,
605 1110 685 1164 atque
704 1098 799 1150 caballi

208 1172 332 1226 Pascendi
347 1192 356 1234 ι
374 1175 491 1228 ducenda
508 1178 648 1246 petorrita.
668 1181 747 1232 Nunc
767 1179 833 1232 mihi
851 1195 922 1232 curto

152 1256 250 1315 1051r'e
268 1257 332 1310 licet
350 1263 442 1325 mulo,
454 1264 516 1326 vel,
531 1263 554 1314 si
573 1263 654 1328 libet,
669 1265 751 1334 usque
767 1267 922 1327 Tarentum
954 1266 955 1304 ³

208 1345 329 1399 Mantica
340 1347 383 1399 cui
394 1348 500 1400 lumbos
511 1365 593 1400 onere
603 1351 719 1412 ulceret,
728 1365 807 1420 atque
817 1367 897 1420 eques
904 1361 955 1403 attur

209 1433 327 1497 Obiiciet
346 1449 427 1486 nemo
446 1433 534 1487 sordes
554 1435 640 1499 mihi,
657 1451 721 1503 quas
741 1435 900 1499 tibi‚Tilli,
955 1436 956 1456 ³

209 1521 301 1585 Quum
311 1520 423 1572 Tiburte
435 1517 482 1571 via
494 1519 638 1572 Ptaetorem
654 1521 773 1590 quinque
787 1522 923 1590 sequuntur

209 1605 249 1658 Te
265 1604 359 1674 pueri,
372 1604 490 1657 lasanum
501 1617 639 1673 portantes
656 1607 897 1676 oenophorumque.
956 1606 957 1660 l

143 1691 270 1762 =²¹0Hoc
279 1709 330 1761 ego
341 1691 524 1754 commodius,
532 1690 611 1760 quim
621 1708 666 1755 tu,
675 1697 802 1760 praeclare
811 1694 924 1754 Senator,

209 1777 332 1831 Millibus
346 1794 424 1846 atque
436 1778 495 1830 aliis
509 1777 587 1830 vivo.
600 1779 774 1846 Quacumque
785 1779 864 1832 libido
875 1777 923 1839 eli,

210 1865 307 1916 lncedo
327 1864 398 1917 solus
415 1882 423 1922 ;
442 1863 600 1930 portuosior
617 1864 710 1930 quanti
729 1865 807 1928 olus,
823 1878 851 1914 ac
870 1862 922 1914 sar:

210 1951 337 2002 Pallacem
357 1948 482 2011 Circum,
495 1947 731 2016 vespertinumque
751 1965 857 2016 pererro

212 2036 286 2103 Saepe
305 2035 409 2087 forum:
425 2032 519 2086 assisto
538 2031 660 2085 divinis:
679 2032 741 2086 inde
760 2035 868 2086 domum
885 2048 922 2084 me

155 2129 200 2180 115
213 2120 254 2171 Ad
272 2120 346 2189 porri
366 2121 391 2172 δι
408 2117 501 2172 ciceris
519 2119 605 2170 resero
623 2119 763 2188 laganique
782 2120 902 2172 catinum.

213 2205 299 2258 Coena
317 2205 477 2258 ministratur
494 2203 583 2271 puetis
602 2195 704 2266 tribui,
718 2206 745 2256 δι
760 2205 829 2275 lapis
847 2205 911 2255 albus

213 2291 312 2344 Pocula
329 2310 389 2344 cum
406 2291 504 2361 cyatho
520 2291 573 2342 duo
590 2288 717 2343 sustinet:
731 2290 812 2342 adstat
825 2289 922 2343 echinus

214 2377 300 2441 Vilis,
317 2394 377 2430 cum
393 2392 483 2446 patera
496 2388 604 2445 guttur,
620 2377 754 2444 Campana
770 2377 891 2444 supellex.

215 2465 321 2520 Deinde
336 2479 369 2515 eo
383 2461 542 2524 dormitum,
552 2476 607 2513 non
618 2460 764 2524 sollicitus,
774 2461 838 2514 mihi
850 2456 912 2528 qubd
924 2472 956 2506 cr·

151 2551 380 2621 ‘1208urgendum
398 2547 434 2600 sit
449 2546 543 2610 mani,
558 2547 697 2598 obeundus
712 2546 832 2617 Marsya,
845 2543 887 2612 qui
900 2543 923 2594 se

216 2640 330 2694 Vultum
348 2637 415 2688 serre
434 2647 513 2702 negat
529 2631 683 2683 Noviorum
701 2631 776 2700 posse
795 2629 906 2684 minoris.

216 2727 258 2781 Ad
268 2737 386 2794 quartam
396 2719 470 2784 jaceo
479 2737 486 2770 ι
496 2716 554 2785 post
563 2717 630 2768 hanc
638 2733 733 2786 vagor,
740 2733 786 2772 aut
794 2714 925 2788 egoleslo,

216 2813 272 2864 Aut
282 2807 382 2875 scripto
393 2804 465 2872 quod
476 2818 519 2854 me
529 2803 638 2853 tacitum
649 2799 734 2866 juvet.
744 2805 836 2874 Uogor
846 2801 924 2862 olivo,

218 2899 282 2953 Non
301 2909 355 2966 quo
372 2887 497 2946 fraudatis
515 2885 667 2946 immundus
685 2888 765 2948 Natta
782 2885 897 2949 lucctuis.
