1916 3602
217 331 444 405 Lraaa
493 337 558 407 ΙΙ.
679 353 751 430 257

25 441 205 522 Romanoque
224 457 341 523 habitu,
360 459 451 526 prodis
470 475 505 512 ex
522 459 608 525 judice
626 459 721 530 Darna*

27 531 137 602 Turpis,
159 543 310 595 odoratum
332 561 410 612 caput
429 546 581 598 obscurante
599 544 721 608 lacerna,
762 559 793 611 55

24 619 82 672 Non
92 641 121 676 es
135 631 213 694 quod
226 631 340 684 simulas
351 634 362 684 ἓ
373 649 493 686 metuens
504 635 652 698 induceris,
661 649 741 704 atque

24 704 171 764 Altercante
192 716 355 769 libidinibus
374 719 464 770 tremis
484 719 536 772 offa
555 737 667 788 pavore.

25 789 91 852 Quid
108 797 216 862 refert,
235 801 278 853 uri
296 802 397 872 virgis,
412 805 534 872 ferroque
553 805 641 858 necari

24 872 181 936 annotatus
204 903 254 939 eas
269 904 277 946 3
294 904 327 938 an
345 889 414 956 turpi
434 892 534 943 clausus
554 891 582 942 in
600 908 676 958 arca,

25 958 82 1022 Qui>
103 979 130 1016 te
151 970 271 1024 demisit
289 973 390 1040 peccati
409 974 511 1026 conscia
530 975 640 1040 herilis,
756 977 793 1030 60

21 1044 198 1105 Contremuit
215 1057 331 1126 genibus
347 1073 434 1128 tangas
450 1063 549 1129 caput?
565 1061 634 1114 estne
650 1062 747 1116 marito

23 1125 153 1189 Matronae
175 1141 317 1208 peccantis
337 1143 363 1193 in
382 1146 472 1198 ambos
491 1145 554 1212 justa
572 1145 711 1214 potestas?

25 1212 54 1263 111
73 1233 267 1291 corruptorem
286 1231 329 1279 uel
348 1227 448 1295 justior.
468 1230 514 1282 llla
533 1245 621 1283 tamen
640 1231 667 1282 se

25 1299 82 1352 Non
100 1307 201 1363 habitu
225 1327 344 1364 mutatve
362 1316 439 1378 loco,
454 1330 582 1382 peccatve
602 1313 729 1382 superne,

27 1381 111 1444 Quum
127 1407 154 1444 te
169 1395 303 1448 formidet
318 1397 426 1461 mulier,
438 1416 522 1467 neque
538 1402 625 1453 credat
639 1401 745 1454 amanti.
756 1401 789 1469 65

25 1464 72 1523 Ibis
92 1475 137 1528 sub
151 1479 264 1536 ,furcam
284 1484 414 1548 prudens,
432 1483 594 1552 dominoque
613 1485 711 1537 furenti

30 1553 188 1617 Committes
200 1583 257 1617 tent
268 1583 375 1620 ornnem
387 1569 501 1621 &vitam
510 1609 517 1631 ,
526 1571 551 1622 δι
559 1587 618 1622 cum
630 1587 742 1640 corpote
752 1577 857 1630 santam.

28 1635 139 1702 Errasti?
162 1653 246 1703 credo
267 1669 386 1718 metues,
404 1654 546 1724 doiiusque
566 1657 679 1711 cavebis.

28 1725 135 1789 Queres
149 1741 257 1806 quando
268 1739 365 1792 iterum
376 1757 489 1808 paveas,
502 1742 648 1812 iterumque
660 1745 746 1812 perite

30 1803 126 1866 Possis.
147 1819 176 1871 0
197 1821 276 1873 toties
295 1823 411 1876 servus!
430 1841 487 1892 quae
505 1826 589 1878 bellua
608 1830 712 1894 ruptis,
757 1845 795 1895 70

31 1890 121 1970 Quum
138 1904 220 1957 semel
239 1906 345 1976 effugit,
359 1909 443 1960 reddit
461 1911 487 1960 se
506 1927 586 1978 prava
605 1914 728 1966 catenis?

31 1974 91 2033 Non
101 1986 160 2040 sum
172 1993 309 2057 moechus,
320 1992 367 2044 ais.
377 1997 469 2063 Neque
480 2012 531 2064 ego
542 1997 647 2050 hercule
659 1998 715 2061 fur,
726 2002 771 2057 ubi
782 2003 842 2058 vasa

31 2059 161 2126 Praetereo
180 2077 281 2144 sapiens
301 2093 432 2147 argentea.
449 2081 528 2131 Tolle
548 2083 695 2147 periclum,

30 2145 89 2202 hm
106 2172 175 2227 vaga
192 2161 313 2228 prosiliet
331 2165 412 2216 frenis
432 2179 523 2214 natura
543 2163 663 2219 remotis.

31 2231 106 2290 Tune
116 2245 180 2298 mihi
190 2248 414 2312 dominus‚rerum
425 2249 544 2317 imperiis
554 2251 745 2324 hominumque
755 2276 787 2330 75

31 2318 82 2374 Tot
93 2332 222 2402 tantisque
233 2323 330 2396 minor,
338 2351 416 2403 quern
426 2351 468 2387 ter
476 2335 590 2388 vindicta
600 2355 744 2410 quaterque

32 2403 154 2478 Imposita
165 2419 234 2470 haud
245 2436 369 2490 umquam
383 2420 477 2472 miseri
489 2423 631 2478 formidine
642 2428 748 2494 privet?

31 2492 98 2551 Adde
113 2503 191 2572 super
205 2504 296 2566 diuis,
309 2507 381 2573 quod
397 2521 452 2556 non
466 2506 553 2559 levitis
567 2514 663 2565 valeat.
676 2515 744 2567 Nam

32 2577 90 2636 sive
108 2589 223 2641 vicarius
242 2589 298 2652 eil,
316 2589 362 2657 qui
381 2590 458 2645 servo
478 2609 552 2659 paret
572 2595 634 2658 (uti
652 2614 712 2650 mos

32 2666 116 2728 Vester
127 2677 182 2744 ait)
195 2679 239 2730 seu
252 2678 393 2730 conservus
402 2718 408 2740 ‚
417 2678 466 2732 tibi
479 2683 544 2748 quid
555 2683 611 2736 sum
623 2701 673 2753 ego
686 2687 697 2738 ?
709 2703 805 2755 nempe

31 2748 70 2804 ‘lu
83 2760 147 2812 mihi
162 2761 208 2828 qui
224 2761 373 2829 imperitas,
386 2763 445 2815 aliis
460 2765 543 2817 servis
558 2767 652 2827 miser.
664 2784 741 2838 atque
754 2781 786 2830 81

32 2834 154 2909 Ducem,
170 2863 199 2899 ut
218 2847 308 2899 nervis
328 2847 420 2916 alienis
439 2849 538 2900 mobile
557 2853 671 2919 lignum.

27 2919 151 2989 Quisnam
166 2931 487 3009 igiturliberisapienq,
498 2934 549 3002 sibi
564 2938 610 3008 qui
625 2939 805 3010 imperiosust
