2006 3608
140 313 500 396 Errsromurr
520 319 662 390 Linls.
690 333 761 414 307

51 436 162 512 Notaque
177 445 251 498 fatali
268 460 394 516 portenta
409 446 500 498 labore
515 440 634 513 subegit,

48 527 177 596 Comperit
192 531 324 586 invidiam
340 533 465 601 supremo
480 529 533 582 fine
548 528 659 582 domari.

48 611 100 664 Urit
114 616 186 669 enim
201 619 310 688 fulgore
327 619 374 671 suo
392 617 439 686 qui
455 629 603 686 pregravat
619 627 689 666 artes

45 692 105 749 insra
121 701 146 753 se
163 703 272 770 positas
289 702 454 764 ;exsiindius
471 701 601 754 amabitur
614 697 697 753 idem.

47 779 159 838 Praesenti
175 787 228 841 tibi
246 804 365 841 maturos
382 786 510 858 largimur
523 785 659 846 honores,
774 787 805 842 η

44 863 213 941 Jurandasque
235 888 312 926 tuum
331 889 377 941 per
393 888 492 924 nomen
508 869 637 938 ponimus
654 883 728 930 aras,

43 952 82 1004 Nil
99 955 235 1010 oriturum
253 957 336 1023 aliis,
349 958 387 1010 nil
403 971 493 1010 ortum
510 956 562 1007 tale
580 954 702 1007 fatentes.

43 1035 87 1089 Sed
102 1053 161 1094 tuus
181 1043 230 1096 hic
248 1045 364 1112 populus
382 1041 484 1110 sapiens
501 1041 527 1093 ἀ
542 1038 623 1106 justus
642 1037 671 1090 in
687 1052 760 1100 uno,

42 1121 77 1174 'se
90 1126 185 1181 nostris
203 1127 337 1190 ducibus,
353 1141 379 1180 te
398 1125 488 1181 Graiis
507 1124 697 1186 anteferendo,

43 1207 128 1262 Cetera
145 1229 318 1282 nequaquam
335 1210 417 1266 simili
431 1210 534 1264 ratione
551 1210 688 1276 modoque
773 1221 809 1259 20

43 1288 174 1357 AEstimm
191 1297 239 1356 &,
254 1296 307 1349 nisi
323 1314 381 1364 quae
399 1295 476 1348 terris
495 1296 614 1357 semota,
626 1291 731 1360 suisque

43 1374 217 1448 Temporibus
236 1380 357 1436 defuncta
373 1380 466 1442 videt,
481 1378 594 1442 fastidit,
611 1377 638 1429 dr
654 1377 732 1435 odit3

42 1459 81 1512 Sic
92 1464 180 1520 fautor
195 1481 320 1520 veterum
328 1504 336 1530 ,
345 1479 375 1518 ut
387 1467 486 1518 tabulas
499 1479 610 1532 peccare
620 1475 758 1525 vetantes.

44 1545 110 1610 Quas
123 1551 165 1604 bis
180 1551 302 1623 quinque
315 1550 369 1603 viri
383 1551 525 1604 sanxerunt
534 1588 543 1613 ,
553 1548 654 1600 foedera
667 1563 759 1616 regum

44 1631 89 1684 Vel
104 1635 275 1703 Gabiis‚vel
292 1653 353 1689 cum
371 1635 464 1705 rigidis
483 1648 584 1703 aequata
601 1630 722 1695 Sabinis,
773 1648 804 1701 ις

43 1712 202 1774 Pontificum
217 1720 317 1784 libros,
333 1721 431 1774 annosa
446 1719 586 1772 volumina
601 1731 713 1778 vatum,

44 1800 154 1858 Diditet
167 1807 272 1859 Albano
287 1805 377 1858 Musas
394 1804 422 1857 in
438 1816 531 1855 monte
547 1805 682 1871 loquutus.

44 1885 84 1952 Si,
98 1891 162 1960 quia
181 1892 335 1946 Graecorum
352 1891 412 1942 sunt
430 1887 614 1956 antiquissima
632 1901 743 1956 quaeque

46 1969 141 2042 Scripta
155 1972 204 2030 uel
220 1975 337 2045 optima,
351 1973 465 2026 Romani
482 1974 625 2041 pensantur
641 1971 733 2023 eidem

45 2053 189 2125 Scriptores
201 2060 375 2123 trutindmon
386 2059 422 2111 esi
434 2057 505 2128 quod
516 2061 599 2108 multa
610 2059 763 2124 loquantum
776 2075 808 2128 30

45 2139 90 2193 Nil
105 2144 172 2200 intra
185 2146 221 2201 est
236 2143 388 2208 oleam2nil
402 2156 478 2195 extra
492 2141 529 2194 est
544 2141 572 2192 in
588 2156 656 2195 nuce
670 2141 746 2196 duri:

44 2226 170 2286 Venimus
182 2234 214 2284 ad
228 2232 360 2284 summum
375 2228 488 2279 sortunae
498 2244 507 2284 ·,
518 2223 653 2293 pingimus
665 2266 672 2289 ‚
683 2241 763 2296 atque

45 2310 194 2380 psallimus,
208 2317 234 2368 δι
249 2315 377 2368 Ιυέὶειιιιιτ
391 2311 503 2364 Achivis
518 2311 620 2363 dodiiirs
637 2312 734 2366 undiis.

45 2397 71 2449 Si
86 2403 201 2456 meliora
214 2401 289 2463 dies,
305 2414 335 2451 ut
349 2397 432 2460 vina,
447 2397 571 2464 poemata
587 2397 690 2462 reddit,

45 2483 113 2549 Scire
120 2487 206 2540 velim
217 2485 332 2554 pretium
342 2482 439 2537 chartis
449 2497 547 2550 quotus
556 2500 660 2554 arroget
670 2501 762 2536 annus.
776 2501 806 2554 35

46 2571 164 2642 scriptor
176 2572 271 2626 abhinc
283 2587 367 2623 annos
379 2583 484 2624 centum
496 2568 542 2636 qui
552 2569 665 2634 decidit,
675 2569 744 2622 inter

46 2655 177 2712 Persesios
194 2657 349 2724 veteresque
365 2653 455 2706 referri
471 2655 546 2706 debet
559 2657 569 2708 ἓ
583 2673 616 2708 an
630 2655 700 2707 iuter

45 2740 118 2798 Viles
136 2758 216 2812 atque
231 2758 320 2796 novos
335 2741 481 2795 §excludat
496 2738 583 2810 jurgia
597 2739 669 2792 finis.

46 2827 84 2882 Est
92 2845 171 2883 vetus
182 2844 260 2898 atque
268 2831 375 2897 probus,
382 2838 488 2878 centurn
498 2825 544 2891 qui
553 2823 657 2895 perficit
666 2839 760 2879 annos.

48 2915 139 2984 Quid?
150 2914 196 2986 qui
207 2912 319 2986 deperiit
329 2911 419 2966 minor
428 2907 584 2964 unomeose
591 2909 653 2976 ‚vel
664 2924 751 2972 anno.
772 2925 809 2975 to
848 2923 850 2926 ·
