1922 3598
266 285 487 362 ἨΒΕΑ
537 293 599 359 11.
725 307 795 378 247

67 408 175 482 'Accipe
195 413 370 484 quitatione
389 433 469 487 queas
488 414 622 468 ditescere.
636 412 760 475 Turdus,
810 423 845 463 lo

67 497 134 551 Sive
155 499 231 552 aliud
249 502 356 570 privum
376 501 479 554 dabitur
496 499 567 563 tibi,
586 499 694 551 devolet
712 495 794 564 illuc,

65 581 119 636 Res
134 585 183 636 ubi
199 603 292 656 magna
306 586 375 644 niret
388 585 590 640 dominosene':
603 583 687 635 dulcia
698 599 793 651 poma,

62 668 97 718 Et
110 669 299 740 quoscumque
311 673 377 724 seret
390 672 476 724 cultus
489 669 538 722 tibi
553 669 647 721 fundus
660 669 795 732 honores,

63 750 135 803 Ante
156 755 254 806 Larem
274 756 357 825 gustet
374 754 555 809 venerabilior
572 754 637 806 Lare
655 753 752 806 divest
862 820 864 828 Α

63 835 121 900 Qui
138 839 267 906 quamvis
282 841 400 909 perjurus
413 841 479 904 etit,
492 840 551 894 siue
565 853 791 910 gente,·cruenttts
806 855 836 906 ις

61 921 207 992 Sanguine
225 925 340 978 fraterno
350 963 358 991 ,
377 925 525 997 fugitivus,
544 941 578 976 ne
597 939 685 977 tamen
704 925 744 978 illi

59 1005 103 1058 Tu
123 1023 221 1062 comes
240 1009 376 1074 exterior,
396 1010 419 1062 si
437 1009 570 1079 postulet,
588 1007 627 1062 ire
645 1011 761 1063 recuses.

59 1091 134 1144 Utne
150 1108 241 1164 tegam
255 1095 349 1163 spurco
363 1097 455 1149 Damae
468 1097 535 1148 letus
547 1098 558 1149 l
570 1096 639 1148 haud
652 1096 689 1148 ita
700 1095 790 1162 Trojae

56 1175 107 1228 Me
128 1179 224 1247 gessi,
243 1195 345 1233 certans
364 1183 467 1251 semper
484 1181 649 1234 melioribus.
670 1183 740 1252 Ergo

58 1260 166 1331 Pauper
176 1264 353 1320 eris.Fortern
365 1267 417 1320 hoc
426 1267 543 1320 animum
555 1261 667 1320 tolerare
678 1266 791 1333 jubebot
801 1287 836 1328 so

55 1345 90 1398 Et
109 1353 248 1416 quondam
267 1353 368 1419 majora
388 1353 447 1406 tuli.
466 1352 508 1403 Tu
527 1351 672 1419 protinus,
688 1357 758 1408 unde

58 1432 184 1488 Divitias
204 1437 316 1506 erisque
336 1455 429 1501 ruant,
448 1436 492 1492 dic
510 1453 609 1506 augur,
629 1454 748 1495 acervos.

23 1539 25 1542 ·
56 1517 131 1573 Dixi
151 1523 290 1590 equidem,
305 1525 331 1576 dc
346 1524 406 1576 dico
422 1541 429 1574 ε
448 1535 536 1591 captes
556 1520 652 1583 astutus
671 1525 769 1595 ubique
821 1519 825 1528 ’

57 1601 228 1659 Testamenta
247 1609 360 1666 senum
376 1625 443 1672 neu,
456 1606 479 1658 si
498 1605 573 1659 valer
590 1623 658 1659 unus
678 1609 704 1661 ἃ
719 1612 785 1664 alter

56 1687 248 1745 Insidiatorern
266 1694 383 1762 praeroso
401 1691 498 1762 sugerit
516 1693 619 1751 hamo.
797 1715 828 1768 25

56 1775 112 1827 Aur
133 1777 209 1844 spem
228 1779 361 1845 deponas,
377 1772 422 1830 aut
441 1790 523 1829 artent
542 1777 634 1830 illusus
654 1779 774 1834 omittas.

57 1860 161 1930 Magna
180 1861 304 1915 minorve
323 1863 384 1916 soro
403 1861 426 1914 si
439 1877 486 1914 ¹res
504 1863 647 1915 certabitur
665 1863 762 1938 olim,

57 1943 145 1998 Vivet
164 1961 223 1998 uter
240 1949 359 2016 locuples
378 1946 436 2000 sine
455 1947 541 2010 natis,
556 1947 693 2014 improbus
711 1952 783 2003 ultro
891 2018 893 2022 Ι

59 2029 115 2095 Qui
135 2031 280 2086 meliorem·
295 2035 379 2086 audax
396 2046 477 2085 vocet
495 2031 524 2083 in
542 2030 604 2096 jus,
622 2033 695 2086 illius
714 2034 769 2090 ello

57 2115 215 2171 Defensor:
234 2116 303 2171 fatui
324 2117 412 2170 civem
432 2116 561 2184 causdque
580 2115 698 2184 priorem
796 2116 831 2197 3³0

58 2202 176 2269 Sperne,
189 2205 264 2256 dorni
282 2202 304 2256 si
323 2195 399 2255 uatus
417 2202 483 2266 erit,
494 2203 655 2257 foecuudave
671 2205 780 2272 coniux.

57 2287 782 2356 Quinte,puta‚autl²ubli(gaudentpraenominemolles

59 2373 210 2442 Auriculae)
224 2373 273 2428 tibi
293 2391 335 2427 tue
354 2374 440 2426 virtus
461 2387 505 2424 tua
523 2373 586 2427 lecit
605 2376 730 2432 amicum.

59 2459 106 2513 lus
127 2477 223 2528 anceps
242 2459 330 2522 novi,
349 2459 437 2512 causas
455 2459 593 2512 defendere
612 2461 726 2528 poliunt.

59 2543 162 2614 Eripiet
181 2543 269 2612 quivis
288 2547 382 2597 oeulos
402 2542 479 2596 citius
499 2544 586 2607 mihi,
606 2544 685 2612 quim
704 2561 732 2598 te
751 2591 753 2596 .
795 2562 825 2616 35

56 2631 252 2696 contemptum
265 2629 330 2682 calli
341 2646 407 2683 nuce
418 2644 553 2698 pauperet.
562 2631 628 2682 llaec
638 2649 696 2684 mea
708 2648 768 2684 eura
779 2636 826 2701 est,

58 2713 99 2765 Ne
109 2714 172 2782 quid
181 2727 210 2766 tu
219 2717 375 2782 perdas,neu
385 2714 421 2768 sis
431 2713 517 2778 iocus.
525 2717 567 2768 Ire
577 2717 778 2788 domum,arque

58 2796 211 2852 Pellicularn
230 2815 320 2852 curare
339 2799 399 2864 jube
419 2818 426 2852 ε
447 2799 483 2852 sis
504 2801 630 2869 cognitor
648 2801 728 2870 ipset

60 2881 160 2949 Persia,
174 2898 252 2954 atque
268 2885 381 2948 obdura,
394 2883 440 2936 seu
455 2884 531 2938 ntbra
549 2883 676 2940 canicule
692 2885 775 2942 findet

562 2975 584 3029 Ι.
601 2977 631 3032 iv
