1922 3598
201 262 271 338 '208
347 269 774 347 sarranium

148 373 183 453 85
198 387 364 446 Notiurnam
377 395 476 448 vestem
490 400 636 461 maculant,
645 411 821 466 ventremque
831 361 933 462 rupilius

200 480 335 545 Quattuor
347 480 409 535 hinc
421 483 539 551 rapimur
549 485 649 555 viginti
662 486 688 536 δι
700 483 784 536 millia
796 482 886 541 rhedis,

200 564 321 616 Mansuri
340 566 487 636 oppidulo,
502 570 575 637 quod
591 569 671 623 versu
687 569 775 622 dicere
792 584 846 621 non
859 565 900 630 eli,

201 650 289 720 Signis
307 652 431 719 perfacile
449 653 494 707 est.
515 653 598 709 Venit
615 655 748 708 vilissima
767 671 851 708 rerum

202 737 254 788 Hic
273 753 359 807 aqua:
375 739 418 791 sed
437 739 514 808 panis
532 739 612 812 longe
630 741 835 810 pulcherrimus,
846 735 902 793 uitri

153 831 190 888 90
203 821 318 875 Callidus
337 837 367 875 ur
384 822 468 876 soleat
484 825 600 879 humeris
619 843 725 896 portare
744 825 850 884 viatori

199 909 269 960 Nam
288 909 386 977 Canusi
404 909 553 977 lapidosus,
570 929 643 982 aquae
662 929 718 964 non
736 911 817 964 ditior
832 927 901 972 uma,

153 1009 158 1026 ·
200 994 256 1060 Qui
274 997 349 1047 locus
367 995 460 1049 aforti
475 997 608 1050 Diomede
625 997 662 1050 est
680 997 803 1049 conditus
821 997 886 1049 olim.

200 1081 333 1134 Flentibus
349 1081 412 1134 hinc
423 1081 519 1134 Varius
536 1083 643 1136 discedit
658 1083 768 1136 moestus
783 1082 876 1136 amicis.

200 1164 263 1216 lnde
280 1163 370 1216 Rubos
388 1164 452 1217 fessi
472 1165 660 1233 pervenimus,
675 1180 771 1234 utpote
789 1168 887 1235 longum

151 1259 184 1314 95
202 1251 345 1318 Carpentes
364 1250 431 1314 iter,
448 1249 474 1302 &
490 1248 586 1326 sardium
606 1249 756 1317 corruptius
776 1250 855 1302 imbri.

201 1333 305 1387 Postera
324 1332 461 1402 tempestas
481 1333 593 1398 melior,
610 1332 655 1384 via
673 1331 750 1402 peior
768 1333 888 1401 adusque

199 1419 259 1470 Bari
277 1417 377 1472 moenia
394 1419 503 1487 piscosi.
519 1419 626 1470 Dehinc
644 1417 745 1472 Gnatia
763 1418 872 1488 lymphis

199 1504 275 1555 iratis
294 1502 422 1556 exstrutia
441 1500 512 1554 dedit
530 1501 647 1570 risusque
666 1500 813 1570 jocosque,

200 1591 289 1652 Dum,
298 1589 404 1640 flamma
416 1586 488 1651 sine',
496 1587 572 1639 thura
584 1587 729 1654 liquescere
739 1587 831 1639 limine
841 1587 903 1640 sacro

151 1675 356 1729 tooPersuadere
376 1673 459 1742 cupit.
480 1674 575 1724 Credat
592 1673 697 1726 Judaeus
716 1673 828 1742 Apella,

153 1783 157 1794 *
201 1766 265 1816 Non
276 1777 340 1831 ego:
353 1775 466 1828 namque
475 1759 551 1809 Deos
562 1757 641 1810 didici
653 1757 771 1810 securum
784 1775 853 1830 agere
862 1769 939 1815 evum

201 1853 277 1914 Nec,
294 1848 318 1902 si
337 1847 399 1916 quid
419 1843 481 1896 miri
499 1843 577 1895 faciat
595 1843 712 1908 Natura,
729 1845 806 1898 Deos
823 1845 849 1896 id

202 1935 300 1988 Tristes
319 1932 426 1984 exalto
446 1927 510 1980 coeli
530 1927 668 1980 demittere
686 1929 768 1984 tetro.

202 2017 372 2074 Brundisium
387 2017 475 2083 longa
492 2011 554 2064 finis
572 2013 737 2082 chartaque,
751 2017 853 2087 viaque
866 2012 904 2067 est.

154 2155 898 2230 ,afflaret-*Q

203 2385 206 2392 ,
294 2295 656 2387 §allud
721 2299 824 2384 llll.

410 2461 457 2519 Dr
477 2456 542 2520 nerei
560 2457 712 2518 nobilitate.

203 2559 697 2696 Nou3mia,Maecenas‚Lydomm
710 2621 837 2693 quidquid
845 2615 937 2674 rursu

203 2715 321 2770 lncoluit
339 2712 426 2775 fines,
444 2725 524 2762 nemo
545 2708 700 2778 generosior
718 2708 755 2760 est
773 2724 821 2768 te;

152 2799 159 2832 ²
203 2809 262 2860 Nec
271 2797 357 2870 ,qudd
368 2815 433 2851 avus
444 2795 494 2848 ribi
504 2808 638 2846 maternus
649 2793 802 2862 fumatque
812 2800 926 2863 patemus»

204 2889 282 2944 Olim
301 2885 347 2955 qui
366 2882 468 2952 magnis
482 2877 639 2953 legionibus
658 2878 853 2947 imperitdrint,
897 2891 903 2902 ·
