2006 3608
176 371 179 376 ·
284 337 628 418 L1rru1.'
732 355 797 432 295

65 464 218 537 ¹Sul'pebios
233 471 363 540 laqueos,
375 471 401 522 &
414 482 538 538 opertum
553 464 651 518 millius
663 463 782 516 hamum.

68 552 200 605 Oderunt
214 571 325 623 peecare
342 555 407 608 boui
421 551 532 607 virtutis
547 566 657 603 amore:

67 638 113 690 Tu
131 638 204 690 nihil
221 641 347 693 admittes
365 639 394 692 in
410 652 437 692 te
454 636 600 692 formidine
617 650 727 704 poenae:

69 723 114 776 Sit
132 724 194 792 spes
212 725 337 789 fallendi,
350 724 470 779 miscebis
486 723 555 776 sacra
572 720 699 792 profanis.

67 810 142 861 Nam
156 811 189 861 de
200 810 275 864 mille
285 811 350 864 labae
361 809 457 863 modiis
469 823 551 880 quum
562 806 780 876 surripiendum,
815 825 845 877 55

68 895 215 946 Damnum
229 895 281 960 est,
291 913 348 950 non
358 896 459 950 facinus
471 895 540 948 mihi
551 891 629 962 palio
640 893 726 946 leuius
738 891 797 946 isto.

67 978 849 1051 Virbouus,omneforumquemspedlat,&omnetribunal‚

68 1066 308 1136 Quandocumque
315 1068 390 1121 Deos
400 1069 446 1120 vel
456 1082 541 1135 porco
547 1067 602 1130 ,vel
614 1067 687 1118 bove
698 1067 801 1133 placat:
814 1095 818 1102 ·

70 1151 142 1204 Jane
155 1163 245 1217 parer,
257 1150 341 1216 clare,
354 1151 421 1205 clarit
433 1166 515 1221 quum
526 1151 611 1217 dixit,
620 1152 741 1218 Apollo·‚

74 1233 159 1287 Labra
171 1249 266 1288 movet
278 1250 397 1290 metuens
408 1236 492 1294 audiri
504 1255 511 1290 ε
523 1236 633 1290 Pulchra
643 1236 779 1300 Lauerna,
812 1244 848 1298 60

73 1321 121 1372 Da
136 1320 205 1372 mihi
221 1321 329 1386 fallere,
344 1325 376 1376 da
391 1322 458 1390 justo
473 1322 617 1391 fundoque
631 1321 738 1381 viderit

72 1403 192 1458 Nollem
208 1407 340 1472 peccatis,
353 1407 525 1461 &fraudibus
541 1405 628 1473 objice
643 1407 750 1462 nubem.

74 1491 133 1556 Qui
151 1491 249 1545 melior
264 1492 360 1555 servo,
376 1493 422 1562 qui
439 1492 549 1545 liberior
565 1491 601 1544 sit
615 1509 725 1556 avarus,

73 1576 107 1626 ln
124 1575 215 1629 triviis
233 1575 319 1629 fixum
336 1595 417 1646 quum
434 1579 461 1631 se
476 1577 594 1630 demittit
609 1579 644 1630 ob
658 1577 754 1642 affem,

56 1663 140 1714 ,Non
148 1662 309 1716 vide0.Nam
321 1663 366 1732 qui
376 1663 579 1732 cupiet.metuet
587 1679 707 1732 quoque:
715 1681 798 1733 porro
810 1661 842 1727 65

73 1747 134 1812 Qui
147 1763 267 1800 metuens
277 1748 368 1809 vivet,
379 1751 445 1802 liber
455 1749 522 1802 mihi
534 1766 589 1802 non
600 1750 651 1802 erit
661 1767 798 1818 umquam.

74 1832 199 1886 Perdidit
215 1849 299 1897 arma,
314 1837 404 1887 locum
421 1833 530 1885 virtutis
546 1834 676 1897 deseruit,
690 1835 737 1902 qui

77 1920 191 1988 Semper
206 1918 235 1970 in
251 1920 367 1989 augendi
384 1919 486 1972 festinat
502 1919 529 1971 ἀ
543 1920 664 1972 obruitur
678 1935 715 1971 re.

76 2005 200 2057 Vendere
212 2020 295 2073 quum
308 2005 396 2072 possis
407 2005 559 2072 captivum,
571 2004 692 2055 occidere
703 2003 778 2056 noli:

77 2089 183 2142 Servier
198 2085 309 2143 utiliter.
326 2091 388 2142 Sine
404 2090 491 2157 pascat
506 2090 603 2149 durus,
615 2103 742 2156 aretquet
810 2101 846 2153 70

78 2174 194 2245 Naviget
201 2174 211 2238 ‚'
219 2193 249 2228 ac
262 2176 356 2228 mediis
371 2177 481 2245 hyemet
495 2186 628 2225 mercator
640 2173 670 2225 in
683 2175 759 2228 undis
770 2195 779 2234 ς

77 2263 199 2314 Annonae
215 2261 318 2329 prosit,
332 2273 421 2329 portet
437 2260 569 2312 frumenta
585 2260 728 2328 penusque.

76 2347 129 2400 Vir
141 2350 243 2408 bonus,
256 2347 281 2398 δι
294 2347 396 2414 sapiens
410 2346 514 2398 audebit
526 2344 631 2398 dicere:
644 2345 779 2412 Parthen,

76 2433 175 2487 Rellor
187 2433 352 2492 Thebarum,
366 2430 431 2499 quid
445 2445 488 2480 me
505 2431 619 2498 perferre
633 2432 741 2500 patique

75 2515 797 2589 Indignumcogeslddimambona.Nempepecus‚rem,
809 2531 825 2548 ⁸
830 2534 842 2580 5

75 2606 187 2668 Ledus,
200 2619 337 2674 argentum
349 2606 359 2656 ἓ
372 2604 450 2654 tollas
463 2601 534 2655 licet.
547 2602 577 2655 In
588 2605 699 2656 manicis
712 2605 738 2655 δι

76 2689 258 2759 Compedibus
273 2690 345 2741 saevo
359 2703 385 2741 te
399 2687 446 2740 sub
460 2687 564 2741 custode
578 2691 686 2742 tenebo.

76 2777 133 2842 lpse
144 2777 230 2838 Deus,
240 2773 397 2842 simulatque
409 2776 511 2837 volam,
519 2790 561 2826 me
572 2773 668 2827 solvet.
676 2772 796 2842 Opinot,

76 2864 136 2917 Hoc
147 2859 242 2926 sentit,
252 2859 368 2915 moriar:
380 2876 453 2913 mors
464 2859 558 2912 ultima
567 2859 639 2911 linea
650 2877 738 2914 rerum
748 2859 793 2918 est.

576 3043 651 3097 Niv
