1954 3604
239 315 306 364 rm
392 297 802 369 CARMINUM

238 433 948 519 uffissoesseammwu

293 592 608 714 CARMEN
666 593 900 681 xxvu.

234 771 303 831 AD
325 772 447 834 GALA
456 776 583 834 TEAM
599 775 663 836 NA
670 773 716 835 VI
720 775 783 834 ΘΑ
792 769 946 831 TURAM.

234 916 385 976 Abeuntem
397 916 523 996 secundis
542 921 615 980 uotis
627 916 828 1000 prosequutus,
841 913 945 992 nauiga-

313 1019 397 1078 tionis
414 1021 554 1099 pericula,
569 1042 602 1080 ac
622 1021 744 1080 maxime
760 1021 875 1096 Europa

400 1121 547 1201 exemplum
568 1123 623 1202 ipsi
643 1121 787 1202 proponit.

233 1227 509 1360 {Matosparrae
528 1293 672 1348 recinentis
693 1309 778 1348 omen

232 1374 336 1437 Ducat,
351 1375 378 1427 δι
395 1393 532 1447 pregnans
551 1379 642 1441 canis,
656 1393 701 1432 aut
722 1382 754 1431 ab
775 1392 840 1448 agro

233 1458 307 1511 Rava
326 1459 464 1515 decurrens
483 1465 545 1530 lupa
564 1464 726 1527 Lanuvino,

341 1547 466 1615 Foetaque
485 1550 580 1616 vulpes
598 1567 605 1601 ε

206 1629 347 1698 tRumpat
367 1633 392 1684 &
411 1634 517 1701 serpens
537 1634 587 1685 iter
606 1631 775 1700 institutum,

233 1714 261 1766 Si
280 1731 326 1782 per
346 1718 482 1786 obliquum
501 1718 596 1770 similis
616 1718 715 1788 sagitte

233 1800 340 1853 Terruit
358 1818 479 1854 mannos.
499 1803 554 1872 Ego
574 1802 617 1855 cui
635 1804 738 1856 timebo

341 1885 472 1940 Providus
494 1888 612 1954 auspex,

235 1972 382 2040 Antequam
401 1972 495 2026 stantes
515 1989 615 2041 repetat
634 1974 744 2040 paludes

188 2057 358 2110 101mbrium
377 2058 469 2110 divina
488 2058 545 2111 avis
565 2058 773 2126 imminenrum,

234 2141 360 2196 Oscinem
379 2160 491 2196 corvum
509 2160 586 2212 prece
604 2143 735 2198 suscitabo

341 2227 412 2280 Solis
431 2231 463 2282 ab
483 2243 552 2281 ortu.

234 2311 275 2364 Sis
294 2312 357 2365 licet
375 2313 440 2365 felix
460 2314 617 2382 ubicumque
636 2314 743 2380 mavis,

207 2418 210 2423 ·
235 2399 267 2450 Et
286 2415 389 2452 memor
408 2399 509 2466 nostri,
528 2399 657 2466 Galatea,
674 2403 777 2463 vivut
822 2408 824 2412 '

190 2495 219 2545 15
234 2485 326 2554 Teque
346 2502 394 2537 nec
413 2488 496 2538 laevus
515 2501 589 2538 vetet
608 2486 646 2540 ire
665 2489 759 2556 picus,

343 2571 399 2626 Nec
416 2587 483 2639 vaga
502 2571 606 2623 cornix.

236 2657 286 2708 Sed
303 2654 379 2708 vides
399 2668 498 2724 quanto
517 2657 631 2724 trepidet
649 2663 763 2714 tumultu

236 2741 337 2794 Pronus
357 2739 446 2792 Orion
465 2743 476 2793 ἒ
495 2741 552 2810 Ego
572 2741 635 2810 quid
654 2744 689 2796 sit
708 2761 762 2798 ater

237 2825 324 2881 Adria
343 2825 410 2878 novi
429 2825 502 2878 sinus
522 2826 549 2876 &
567 2827 630 2897 quid
648 2831 721 2884 albus

192 2925 226 2962 20
344 2909 437 2968 Peceet
455 2910 549 2980 Iapyx.
