1954 3604
221 291 285 370 152
313 276 620 358 Cunmruvrr
647 289 753 357 Lrn.
772 287 843 358 IV.

250 397 364 467 injecit,
383 405 543 478 emovitque
562 413 674 480 culpas,

285 486 319 538 Et
337 498 446 544 veteres⁴
462 495 605 550 revocavit
625 511 716 560 artes,

212 567 262 621 Per
280 587 344 640 quas
362 574 488 632 Latinum
506 595 626 646 nomen,
644 581 672 634 δι
690 582 768 634 11³1ae

105 685 108 690 -
213 656 329 710 crevere
346 658 443 726 vires,
458 663 599 734 famaque,
619 667 645 718 δι
663 667 768 738 Imperi

166 746 195 798 ¹5
247 740 369 796 Porrecto
388 746 507 813 majestas
527 753 670 804 adortum

283 829 354 883 Solis
373 833 405 884 ab
423 833 552 902 Hesperio
572 836 662 891 cubili.

210 912 323 968 Custode
341 933 429 969 rerum
450 920 573 985 Caesare,
589 937 646 974 non
664 921 746 975 furor

211 1000 329 1065 Civilis,
348 1017 393 1055 aut
411 1005 456 1057 vis
473 1005 576 1058 eximet
595 1007 709 1060 orium:

247 1086 311 1138 Non
329 1086 387 1152 ira,
404 1106 463 1158 quae
481 1091 607 1158 procudit
625 1092 728 1156 enses,

163 1175 198 1212 20
283 1172 314 1224 Er
333 1172 442 1227 miseras
461 1174 583 1229 inimicat
600 1177 689 1232 urbes.

208 1255 272 1307 Non
290 1256 336 1325 qui
354 1259 515 1324 profundum
533 1261 687 1314 Danubium
703 1262 825 1325 hibunt,

207 1340 298 1394 Edisti
316 1358 440 1409 rumpent
458 1344 552 1398 Julia:
573 1362 630 1398 non
651 1347 755 1411 Getae,
815 1334 817 1339 ’

244 1427 308 1478 Non
326 1427 422 1491 Seres,
441 1427 552 1482 infidiue
571 1425 676 1495 Perrae,

280 1514 344 1565 Non
360 1513 472 1566 Tanaim
491 1531 575 1584 prope
594 1515 698 1570 flumen
717 1516 789 1571 orti.

161 1601 192 1654 25
207 1598 315 1668 Nosque
336 1601 361 1650 δι
378 1598 500 1666 profestis
518 1599 638 1664 lucibus,
660 1602 686 1654 δι
703 1601 808 1666 sacris,

75 1681 83 1693 '
207 1685 278 1736 inter
296 1683 384 1751 jocosi
403 1699 511 1736 munera
530 1683 639 1750 Liberi,

245 1773 314 1823 Curn
333 1771 409 1837 prole
428 1769 609 1838 matronisque
627 1769 747 1836 nostris,

239 1857 241 1862 ’
280 1853 341 1908 Rite
361 1855 437 1908 Deos
456 1853 529 1922 priris
549 1854 706 1924 apprecati,

208 1940 317 1993 Virtute
332 1939 437 1993 funcios
456 1955 532 1992 more
550 1951 655 2006 patrum
674 1942 776 2004 duces,

162 2029 196 2084 30
209 2026 289 2097 Lydis
309 2023 415 2078 remisto
433 2019 550 2076 carmine
569 2022 663 2087 tibiis,

198 2098 207 2114 ⁸
245 2110 426 2178 Troiamque,
443 2110 469 2161 &
484 2108 637 2172 Anchisen,
654 2110 681 2160 &
696 2113 774 2166 almae

280 2194 440 2268 Progeniem
455 2193 567 2250 Veneris
587 2210 723 2255 canemus,

287 2518 289 2522 Ι
323 2430 406 2494 Finis
425 2429 518 2513 quarti
536 2429 613 2492 Libri
632 2430 800 2512 Lyricorum.
