1954 3604
217 287 284 376 164
426 291 733 360 ΕΡουοΝ

183 411 278 472 5Nam
298 408 382 482 qualit
401 427 446 466 aut
464 412 612 475 Molestus,
625 427 675 466 aut
695 411 795 465 sulvus
815 403 914 464 Laconi

284 496 377 550 Amica
394 498 437 551 vis
456 497 619 568 pastoribus,

212 581 298 654 Agant
316 599 363 650 per
381 585 446 636 altas
465 599 528 638 aure
547 584 648 636 sublata
670 581 776 643 nives,

286 668 470 736 Quaecumque
489 671 618 737 praecedet
636 669 709 721 fera.

213 751 256 804 Tu
275 769 356 820 quum
376 752 491 806 timendd
510 769 579 806 voce
598 751 749 820 complesti
769 762 883 807 nemus,

169 849 204 890 ιο
287 836 437 904 Projenum
457 836 577 890 odoraris
596 839 701 891 cibum.

218 925 310 986 Cave,
327 939 392 976 cave
407 943 414 976 ι
431 939 544 992 namque
563 923 592 974 in
610 925 703 976 malos
723 917 884 989 asperrimus
950 971 951 976 ,

290 1008 381 1062 Parata
398 1010 467 1061 rollo
486 1025 608 1068 cornua;
695 999 698 1005 ’

218 1093 312 1161 Qualis
331 1095 468 1164 Lycambae
487 1094 589 1160 spretus
608 1091 698 1146 infido
720 1105 828 1161 gener,

290 1181 344 1232 Aut
362 1197 421 1232 acer
438 1177 520 1231 hostis
537 1178 648 1246 Bupalo.

173 1275 203 1327 15
219 1265 259 1318 An
279 1266 301 1318 si
322 1265 381 1334 quis
400 1280 458 1316 atro
477 1265 555 1331 dente
574 1279 616 1314 rne
635 1261 793 1331 petiverit,

292 1351 393 1402 inultus
413 1363 442 1400 ur
461 1345 531 1400 flebo
550 1349 639 1413 puer?

324 1805 415 1866 AD
474 1796 845 1864 ROMANOS

363 1937 470 2010 Bellum
490 1949 570 2009 civile
586 1950 804 2029 redintegrantes.

307 2125 353 2160 vo
364 2149 372 2172 ,
385 2109 439 2180 qud
458 2110 557 2163 scelesti
576 2111 651 2164 ruitis
669 2113 679 2163 ?
698 2125 745 2163 aut
764 2121 812 2160 cur
829 2088 923 2153 dexteri

297 2193 427 2262 Aptantur
445 2195 519 2247 enses
540 2194 641 2247 conditi
659 2198 669 2248 ἓ

226 2279 354 2333 Parumne
374 2280 491 2349 campis,
511 2297 590 2349 atque
608 2283 734 2348 Neptuno
754 2281 831 2346 supet

301 2369 396 2420 Fusum
416 2369 452 2421 est
471 2368 556 2420 Latini
575 2369 737 2440 sanguinis?

203 2459 291 2521 5Non
309 2473 339 2510 ut
357 2459 479 2526 superbas
499 2457 598 2510 invidae
618 2456 784 2528 Carthaginis

301 2547 437 2598 Romanus
456 2561 527 2597 artes
547 2559 653 2608 ureret,

230 2631 343 2684 lntadius
363 2645 406 2683 aut
425 2627 565 2681 Britannus
586 2644 616 2680 ut
636 2630 801 2682 descenderet
950 2611 951 2682 i

304 2715 378 2767 Sacrd
398 2727 531 2766 catenatus
549 2711 595 2762 vid
611 2731 619 2772 3

232 2801 282 2854 Sed
299 2813 346 2860 ut,
363 2796 503 2850 seeundum
521 2810 587 2846 vota
605 2795 778 2862 Parthorum,
794 2786 835 2846 sud

188 2891 220 2930 ιο
303 2885 373 2939 Urbs
391 2885 446 2938 hec
464 2879 570 2950 periret
583 2882 700 2938 dextera.
843 2893 846 2899 '
