1960 3606
186 279 409 368 Lllt'nll
460 299 521 366 ll.
651 315 718 386 309

19 414 136 471 orbilium
153 419 248 474 distare
262 442 270 482 ·,
285 423 329 474 sed
345 422 481 473 emendata
497 415 601 478 videri,

19 505 211 574 Pulchraque,&
221 507 322 558 errastis
334 503 473 557 minimum
486 501 604 555 distantia
613 539 620 564 ,
629 498 725 552 miror:

19 604 73 640 nter
89 607 145 658 quae
161 593 273 642 verbum
290 591 399 643 emicuit
415 593 438 642 si
454 587 524 641 sorte
541 589 682 648 decorum,
698 587 723 638 δί

19 675 38 724 Si
51 677 138 728 versus
156 674 238 743 pauld
256 677 414 728 concinnior
427 692 495 726 unus
512 675 537 725 δι
552 676 631 736 alter,

19 755 99 816 iujusi'e
119 775 208 812 totum
228 761 313 822 ducit,
326 760 454 827 venitque
472 759 577 826 podma.
736 780 769 829 75

19 841 131 913 indignor
142 845 288 913 quidquam
301 845 470 914 reprehendi,
480 862 534 896 non
546 843 607 912 quia
619 841 698 896 craff'e

19 929 197 996 Conpositum
213 930 354 997 illepideve
365 946 485 998 putetur,
496 930 539 982 sed
552 930 614 998 quia
627 947 724 996 nuper·,

19 1011 67 1064 Nec
78 1015 187 1067 veniam
199 1015 329 1083 antiquis,
341 1017 384 1068 sed
394 1017 524 1068 honorem
537 1014 679 1082 &praemia
691 1012 775 1082 posci.

19 1096 90 1152 leue
104 1118 187 1153 necne
204 1117 311 1153 crocum
327 1101 456 1168 floresque
471 1101 632 1169 perambulet
646 1101 713 1151 Attae

19 1185 120 1250 Fabula,
133 1187 157 1238 si
174 1185 303 1248 dubitem,
317 1187 432 1238 clament
447 1184 550 1253 periisse
564 1186 691 1254 pudorem
740 1181 776 1234 80

22 1272 106 1323 Cunsli
117 1289 186 1340 pene
198 1287 333 1338 patres,ea
346 1289 426 1339 quum
437 1273 625 1338 reprehendere
638 1288 728 1336 coner,

21 1355 80 1418 Quae
96 1357 184 1427 gravis
195 1357 325 1423 AEsopus,
336 1373 394 1424 quae
408 1356 500 1408 dodtus
513 1353 621 1407 Roscius
635 1356 708 1424 egit:

22 1437 65 1490 Vel
76 1441 136 1508 quia
146 1441 183 1493 nil
195 1441 304 1504 rectum,
312 1440 363 1491 nisi
372 1443 443 1508 quod
452 1439 550 1508 placuit
559 1440 730 1504 sibi,ducunt;

22 1523 69 1574 Vel
81 1527 141 1592 quia
151 1541 225 1595 turpe
236 1539 330 1593 putant
341 1542 430 1593 parere
442 1526 604 1589 minoribus,
617 1527 642 1578 &
653 1545 710 1596 quae

23 1607 147 1666 imberbes
165 1613 296 1675 didicere,
312 1612 385 1666 senes
401 1614 531 1679 perdenda
545 1612 629 1666 fateri.
741 1619 773 1682 85

24 1693 75 1746 Jam
90 1697 189 1748 Saliare
202 1699 296 1748 Numa
312 1713 417 1748 carmen
432 1697 478 1764 qui
494 1698 595 1760 laudat,
608 1699 634 1750 δι
648 1697 730 1769 illud,

26 1777 99 1842 Quod
113 1796 218 1831 mecum
234 1779 350 1848 ignorat,
364 1777 435 1830 solus
449 1782 508 1830 vult
524 1779 587 1832 scire
600 1779 707 1854 videris

25 1862 134 1931 Ingeniis
150 1880 206 1914 non
220 1863 264 1915 ille
280 1866 351 1917 savet
365 1862 517 1931 plauditque
532 1863 658 1931 sepultis,

27 1946 112 2000 Nostra
122 1950 167 2000 sed
179 1947 330 2017 impugnat,
343 1964 392 1999 nos
404 1947 542 2017 nostraque
553 1949 652 2000 lividus
664 1947 730 2000 odit.

27 2029 103 2092 Quod
120 2031 143 2084 si
160 2048 215 2085 tam
232 2032 335 2085 Graecis
352 2033 460 2084 novitas
477 2031 562 2083 invisa
577 2031 662 2083 suisset
745 2045 781 2096 90

28 2111 111 2175 Quint
122 2116 211 2179 nobis,
220 2117 284 2184 quid
293 2133 362 2167 nunc
371 2115 434 2167 esset
442 2131 520 2168 vetus
531 2117 542 2169 ἓ
552 2131 595 2167 aut
605 2117 668 2184 quid
677 2118 783 2170 haberet

28 2197 103 2260 Quod
119 2201 216 2270 legeret
233 2216 381 2271 tereretque
395 2200 499 2252 viritim
516 2201 635 2268 publicus
651 2204 734 2258 usus?

29 2281 62 2331 Ur
78 2285 189 2352 primum
209 2286 306 2354 positis
323 2286 414 2356 nugari
433 2285 535 2338 Graecia
551 2286 626 2338 bellis

30 2367 131 2434 Coepit,
147 2373 173 2422 δι
189 2371 218 2422 in
235 2371 333 2423 vitium
349 2371 455 2423 sortund
472 2372 554 2423 labier
570 2373 660 2442 aequd,

29 2452 100 2504 Nilne
116 2455 392 2520 athletarum‘studiis,
403 2471 473 2506 nunc
488 2457 552 2508 arsit
566 2473 721 2525 aequorunu
748 2471 779 2525 95

31 2537 182 2606 blarmoris,
196 2557 240 2593 aut
254 2541 342 2594 eboris
357 2542 461 2603 fabros,
478 2555 522 2594 aut
539 2542 598 2596 aeris
616 2542 735 2602 amatus

32 2621 163 2690 Suspendit
179 2625 249 2694 pieta
264 2629 369 2678 vultum
386 2634 553 2695 mentemque
571 2629 688 2687 tabellb3

31 2705 100 2760 Nunc
115 2709 281 2772 tibicinibus,
294 2727 364 2762 nunc
378 2710 415 2761 est
429 2711 516 2780 gavisa
531 2711 674 2780 tragoedis3
712 2747 713 2750 κ

31 2792 78 2843 Sub
93 2797 194 2848 nutrice
209 2800 295 2863 puella
310 2800 385 2848 velut
402 2795 424 2846 si
439 2799 538 2848 luderet
553 2798 654 2860 infans,

30 2878 106 2941 Quod
119 2882 217 2951 cupide
235 2883 330 2953 petiit,
347 2881 447 2936 matur‘e
462 2884 540 2952 plena
558 2880 674 2952 reliquit.
738 2895 787 2935 roe
