1916 3602
169 313 273 406 -m6
420 321 715 392 Enonon

202 437 260 494 Illic
279 435 381 510 injuffae
400 445 515 499 veniunt
533 448 566 500 ed
584 446 694 500 mulcita
712 443 838 514 capellae;

159 533 192 589 50
278 527 418 599 Refertque
438 547 511 586 tenta
529 551 595 603 grex
614 532 713 586 amicus
732 533 832 594 uberat

204 613 261 666 Nec
279 615 447 683 vespertinus
468 618 653 689 circumgemit
671 619 745 684 ursus
765 614 856 676 ovile,

277 701 333 752 Nec
353 699 504 756 intumescit
523 705 575 756 alta
594 704 697 773 viperis
715 704 832 755 humus:

204 785 334 854 Pluraque
353 788 445 842 felices
465 787 641 850 mirabimur;
657 805 687 842 ut
705 803 792 858 neque
810 777 883 852 largis

277 873 400 942 Aquosus
420 875 503 928 Eurus
521 892 585 928 arva
604 878 675 928 radat
694 871 842 927 imbribus3

160 967 189 1019 55
206 957 318 1028 Pinguia
336 976 386 1012 nec
405 959 482 1012 siccis
501 975 610 1012 urantur
628 961 729 1013 semina
749 955 850 1028 glebist

278 1045 427 1114 Utrumque
446 1061 507 1116 tege
526 1060 689 1115 temperante
708 1043 843 1097 coetitum.

204 1131 269 1184 Non
287 1131 340 1182 huc
359 1132 450 1201 Argoo
469 1131 607 1184 contendit
625 1131 726 1200 remige
745 1129 843 1199 pinus,

278 1217 371 1284 Neque
391 1214 524 1288 impudica
544 1214 654 1270 Colchis
672 1215 768 1269 intulit
785 1213 889 1282 pedem:

206 1302 270 1353 Non
288 1301 339 1370 huc
359 1301 463 1353 Sidonii
482 1301 615 1354 torserunt
633 1317 733 1353 cornua
753 1313 851 1362 naute,

134 1429 140 1438 .
159 1383 194 1436 60
279 1385 421 1438 Laboriosa
440 1402 489 1438 nec
508 1387 605 1440 cohors
623 1385 750 1456 Ulyffei:

207 1472 286 1526 Nulla
306 1486 404 1524 nocent
423 1471 515 1540 pecori
535 1471 656 1542 contagia
671 1489 680 1530 ς
698 1470 799 1525 nullius
817 1463 870 1524 astri

282 1558 399 1626 Gregem
419 1555 526 1612 aestuosa
546 1572 630 1611 torret
648 1555 819 1625 impotentia.

207 1640 311 1711 Jupiter
330 1642 375 1696 illa
394 1643 444 1712 piae
464 1641 579 1696 secrevit
595 1640 687 1696 littora
705 1642 799 1712 genti,

282 1729 320 1782 Ut
339 1727 490 1798 inquinavit
508 1744 559 1784 aete
578 1741 683 1800 tempus
702 1743 831 1788 aureum,

162 1812 194 1884 65
209 1815 287 1876 rire,
304 1815 398 1868 dehinc
416 1815 486 1868 ferto
506 1813 611 1868 duravit
629 1815 734 1878 secula,
747 1824 856 1885 quorum

284 1899 337 1959 Piis
356 1901 486 1968 secunda,
503 1916 566 1956 vate
584 1917 647 1966 me,
666 1901 740 1954 datur
759 1900 828 1970 fuga.
