<?xml version="1.0" encoding="UTF-8"?>
<!DOCTYPE html PUBLIC "-//W3C//DTD XHTML 1.0 Transitional//EN"
    "http://www.w3.org/TR/xhtml1/DTD/xhtml1-transitional.dtd">
<html xmlns="http://www.w3.org/1999/xhtml" xml:lang="en" lang="en">
 <head>
  <title>
</title>
<meta http-equiv="Content-Type" content="text/html;charset=utf-8" />
  <meta name='ocr-system' content='tesseract 3.04.00' />
  <meta name='ocr-capabilities' content='ocr_page ocr_carea ocr_par ocr_line ocrx_word'/>
</head>
<body>
  <div class='ocr_page' id='page_1' title='image "./quintihoratiifl00prgoog_0283.png"; bbox 0 0 2006 3608; ppageno 0'>
   <div class='ocr_carea' id='block_1_1' title="bbox 170 244 742 339">
    <p class='ocr_par' dir='ltr' id='par_1_1' title="bbox 170 244 742 339">
     <span class='ocr_line' id='line_1_1' title="bbox 170 244 742 339; baseline 0.002 -21"><span class='ocrx_word' id='word_1_1' title='bbox 170 244 240 339; x_wconf 86' lang='lat'><strong>278</strong></span> <span class='ocrx_word' id='word_1_2' title='bbox 316 252 742 324; x_wconf 72' lang='lat' dir='ltr'><strong>Errsrorrrun</strong></span> 
     </span>
    </p>
   </div>
   <div class='ocr_carea' id='block_1_2' title="bbox 66 367 943 2930">
    <p class='ocr_par' dir='ltr' id='par_1_2' title="bbox 169 367 909 446">
     <span class='ocr_line' id='line_1_2' title="bbox 169 367 909 446; baseline 0.008 -26"><span class='ocrx_word' id='word_1_3' title='bbox 169 368 208 421; x_wconf 87' lang='lat' dir='ltr'><strong>Ut</strong></span> <span class='ocrx_word' id='word_1_4' title='bbox 218 370 283 426; x_wconf 87' lang='lat' dir='ltr'><strong>libet</strong></span> <span class='ocrx_word' id='word_1_5' title='bbox 294 392 302 428; x_wconf 76' lang='lat' dir='ltr'><strong><em>z</em></strong></span> <span class='ocrx_word' id='word_1_6' title='bbox 314 373 371 429; x_wconf 76' lang='lat' dir='ltr'><strong>haec</strong></span> <span class='ocrx_word' id='word_1_7' title='bbox 381 375 470 446; x_wconf 85' lang='lat' dir='ltr'><strong>porcis</strong></span> <span class='ocrx_word' id='word_1_8' title='bbox 481 377 562 432; x_wconf 85' lang='lat' dir='ltr'>hodie</span> <span class='ocrx_word' id='word_1_9' title='bbox 573 373 731 430; x_wconf 87' lang='lat' dir='ltr'><strong>comedenda</strong></span> <span class='ocrx_word' id='word_1_10' title='bbox 742 367 909 446; x_wconf 57' lang='lat' dir='ltr'><strong>relinqueq.</strong></span> 
     </span>
    </p>

    <p class='ocr_par' dir='ltr' id='par_1_3' title="bbox 121 451 911 875">
     <span class='ocr_line' id='line_1_3' title="bbox 121 451 909 534; baseline 0.006 -25"><span class='ocrx_word' id='word_1_11' title='bbox 121 459 157 500; x_wconf 89' lang='lat'><strong>²0</strong></span> <span class='ocrx_word' id='word_1_12' title='bbox 169 451 312 531; x_wconf 79' lang='lat' dir='ltr'><strong>Prodigus,</strong></span> <span class='ocrx_word' id='word_1_13' title='bbox 325 465 351 516; x_wconf 79' lang='grc' dir='ltr'><strong>δι</strong></span> <span class='ocrx_word' id='word_1_14' title='bbox 365 463 457 518; x_wconf 77' lang='lat' dir='ltr'><strong>stultus</strong></span> <span class='ocrx_word' id='word_1_15' title='bbox 476 467 557 518; x_wconf 88' lang='lat' dir='ltr'>donat</span> <span class='ocrx_word' id='word_1_16' title='bbox 576 482 633 534; x_wconf 80' lang='lat' dir='ltr'><strong>quac</strong></span> <span class='ocrx_word' id='word_1_17' title='bbox 651 460 767 531; x_wconf 84' lang='lat' dir='ltr'><strong>spernit,</strong></span> <span class='ocrx_word' id='word_1_18' title='bbox 778 461 805 512; x_wconf 72' lang='grc' dir='ltr'><strong>δι</strong></span> <span class='ocrx_word' id='word_1_19' title='bbox 821 459 909 514; x_wconf 86' lang='lat' dir='ltr'><strong>odit.</strong></span> 
     </span>
     <span class='ocr_line' id='line_1_4' title="bbox 169 542 911 618; baseline 0.008 -25"><span class='ocrx_word' id='word_1_20' title='bbox 169 542 233 596; x_wconf 74' lang='lat' dir='ltr'><strong>Hac</strong></span> <span class='ocrx_word' id='word_1_21' title='bbox 245 545 317 616; x_wconf 80' lang='lat' dir='ltr'>seges</span> <span class='ocrx_word' id='word_1_22' title='bbox 330 545 449 618; x_wconf 81' lang='lat' dir='ltr'><strong>ingratos</strong></span> <span class='ocrx_word' id='word_1_23' title='bbox 463 549 539 614; x_wconf 87' lang='lat' dir='ltr'><strong>tulit,</strong></span> <span class='ocrx_word' id='word_1_24' title='bbox 551 551 578 602; x_wconf 78' lang='grc' dir='ltr'><strong>δι</strong></span> <span class='ocrx_word' id='word_1_25' title='bbox 588 547 654 603; x_wconf 84' lang='lat' dir='ltr'><strong>feret</strong></span> <span class='ocrx_word' id='word_1_26' title='bbox 665 545 789 600; x_wconf 84' lang='lat' dir='ltr'>omuibus</span> <span class='ocrx_word' id='word_1_27' title='bbox 800 545 911 599; x_wconf 84' lang='lat' dir='ltr'>annis.</span> 
     </span>
     <span class='ocr_line' id='line_1_5' title="bbox 167 629 881 705; baseline 0.003 -23"><span class='ocrx_word' id='word_1_28' title='bbox 167 629 217 682; x_wconf 92' lang='lat' dir='ltr'><strong>Vir</strong></span> <span class='ocrx_word' id='word_1_29' title='bbox 232 632 336 698; x_wconf 82' lang='lat' dir='ltr'>bonus,</span> <span class='ocrx_word' id='word_1_30' title='bbox 352 635 379 686; x_wconf 74' lang='grc' dir='ltr'><strong>δι</strong></span> <span class='ocrx_word' id='word_1_31' title='bbox 392 635 495 704; x_wconf 83' lang='lat' dir='ltr'>sapiens</span> <span class='ocrx_word' id='word_1_32' title='bbox 513 635 601 705; x_wconf 83' lang='lat' dir='ltr'><strong>dignis</strong></span> <span class='ocrx_word' id='word_1_33' title='bbox 619 633 656 686; x_wconf 86' lang='lat' dir='ltr'><strong>aic</strong></span> <span class='ocrx_word' id='word_1_34' title='bbox 674 629 725 685; x_wconf 81' lang='lat' dir='ltr'><strong>effe</strong></span> <span class='ocrx_word' id='word_1_35' title='bbox 744 645 881 700; x_wconf 77' lang='lat' dir='ltr'><strong>paratusa</strong></span> 
     </span>
     <span class='ocr_line' id='line_1_6' title="bbox 167 716 857 793; baseline 0.003 -26"><span class='ocrx_word' id='word_1_36' title='bbox 167 716 223 768; x_wconf 87' lang='lat' dir='ltr'><strong>Nec</strong></span> <span class='ocrx_word' id='word_1_37' title='bbox 241 732 331 772; x_wconf 76' lang='lat' dir='ltr'>tamen</span> <span class='ocrx_word' id='word_1_38' title='bbox 350 719 456 791; x_wconf 78' lang='lat' dir='ltr'>ignorat</span> <span class='ocrx_word' id='word_1_39' title='bbox 475 723 539 793; x_wconf 88' lang='lat' dir='ltr'><strong>quid</strong></span> <span class='ocrx_word' id='word_1_40' title='bbox 556 719 651 776; x_wconf 86' lang='lat' dir='ltr'>distent</span> <span class='ocrx_word' id='word_1_41' title='bbox 670 735 721 770; x_wconf 82' lang='lat' dir='ltr'><strong>acra</strong></span> <span class='ocrx_word' id='word_1_42' title='bbox 739 716 857 786; x_wconf 75' lang='lat' dir='ltr'><strong>lupinis.</strong></span> 
     </span>
     <span class='ocr_line' id='line_1_7' title="bbox 168 801 905 875; baseline 0.008 -23"><span class='ocrx_word' id='word_1_43' title='bbox 168 801 288 872; x_wconf 85' lang='lat' dir='ltr'>Dignum</span> <span class='ocrx_word' id='word_1_44' title='bbox 303 806 428 874; x_wconf 70' lang='lat' dir='ltr'><strong>praestabo</strong></span> <span class='ocrx_word' id='word_1_45' title='bbox 443 824 487 861; x_wconf 82' lang='lat' dir='ltr'><strong>me</strong></span> <span class='ocrx_word' id='word_1_46' title='bbox 500 806 581 861; x_wconf 86' lang='lat' dir='ltr'>eciam</span> <span class='ocrx_word' id='word_1_47' title='bbox 595 821 645 875; x_wconf 83' lang='lat' dir='ltr'><strong>pro</strong></span> <span class='ocrx_word' id='word_1_48' title='bbox 660 805 735 858; x_wconf 88' lang='lat' dir='ltr'><strong>laude</strong></span> <span class='ocrx_word' id='word_1_49' title='bbox 749 802 905 858; x_wconf 82' lang='lat' dir='ltr'><strong>merentis.</strong></span> 
     </span>
    </p>

    <p class='ocr_par' dir='ltr' id='par_1_4' title="bbox 120 887 902 1303">
     <span class='ocr_line' id='line_1_8' title="bbox 120 887 857 962; baseline -0.003 -17"><span class='ocrx_word' id='word_1_50' title='bbox 120 891 151 945; x_wconf 75' lang='lat'><strong>²5</strong></span> <span class='ocrx_word' id='word_1_51' title='bbox 166 887 248 952; x_wconf 78' lang='lat' dir='ltr'><strong>Qudd</strong></span> <span class='ocrx_word' id='word_1_52' title='bbox 266 891 291 944; x_wconf 77' lang='lat' dir='ltr'><strong>si</strong></span> <span class='ocrx_word' id='word_1_53' title='bbox 310 909 352 951; x_wconf 78' lang='lat' dir='ltr'><strong>nae</strong></span> <span class='ocrx_word' id='word_1_54' title='bbox 371 895 447 948; x_wconf 75' lang='lat' dir='ltr'><strong>uoles</strong></span> <span class='ocrx_word' id='word_1_55' title='bbox 467 894 576 962; x_wconf 83' lang='lat' dir='ltr'>usquam</span> <span class='ocrx_word' id='word_1_56' title='bbox 595 891 744 954; x_wconf 78' lang='lat' dir='ltr'>discedere,</span> <span class='ocrx_word' id='word_1_57' title='bbox 758 891 857 944; x_wconf 76' lang='lat' dir='ltr'>reddes</span> 
     </span>
     <span class='ocr_line' id='line_1_9' title="bbox 167 976 847 1050; baseline 0.003 -24"><span class='ocrx_word' id='word_1_58' title='bbox 167 976 246 1030; x_wconf 83' lang='lat' dir='ltr'>Forte</span> <span class='ocrx_word' id='word_1_59' title='bbox 265 979 351 1040; x_wconf 80' lang='lat' dir='ltr'><strong>latus,</strong></span> <span class='ocrx_word' id='word_1_60' title='bbox 366 979 458 1050; x_wconf 79' lang='lat' dir='ltr'><strong>nigros</strong></span> <span class='ocrx_word' id='word_1_61' title='bbox 477 977 583 1049; x_wconf 74' lang='lat' dir='ltr'>angusti</span> <span class='ocrx_word' id='word_1_62' title='bbox 600 979 688 1031; x_wconf 75' lang='lat' dir='ltr'><strong>fronte</strong></span> <span class='ocrx_word' id='word_1_63' title='bbox 707 976 847 1046; x_wconf 77' lang='lat' dir='ltr'><strong>capillos3</strong></span> 
     </span>
     <span class='ocr_line' id='line_1_10' title="bbox 167 1058 902 1135; baseline 0 -24"><span class='ocrx_word' id='word_1_64' title='bbox 167 1058 268 1115; x_wconf 87' lang='lat' dir='ltr'>Reddes</span> <span class='ocrx_word' id='word_1_65' title='bbox 288 1065 363 1117; x_wconf 89' lang='lat' dir='ltr'><strong>dulce</strong></span> <span class='ocrx_word' id='word_1_66' title='bbox 380 1065 474 1135; x_wconf 88' lang='lat' dir='ltr'><strong>loqui,</strong></span> <span class='ocrx_word' id='word_1_67' title='bbox 488 1065 579 1118; x_wconf 86' lang='lat' dir='ltr'>reddes</span> <span class='ocrx_word' id='word_1_68' title='bbox 598 1062 683 1114; x_wconf 86' lang='lat' dir='ltr'><strong>ridere</strong></span> <span class='ocrx_word' id='word_1_69' title='bbox 702 1062 852 1127; x_wconf 85' lang='lat' dir='ltr'><strong>decorum,</strong></span> <span class='ocrx_word' id='word_1_70' title='bbox 866 1061 902 1119; x_wconf 69' lang='grc' dir='ltr'><strong>ει</strong></span> 
     </span>
     <span class='ocr_line' id='line_1_11' title="bbox 167 1146 859 1220; baseline 0.006 -24"><span class='ocrx_word' id='word_1_71' title='bbox 167 1146 238 1200; x_wconf 87' lang='lat' dir='ltr'>Inter</span> <span class='ocrx_word' id='word_1_72' title='bbox 256 1147 320 1202; x_wconf 89' lang='lat' dir='ltr'>vina</span> <span class='ocrx_word' id='word_1_73' title='bbox 337 1149 427 1220; x_wconf 83' lang='lat' dir='ltr'>fugam</span> <span class='ocrx_word' id='word_1_74' title='bbox 446 1151 557 1219; x_wconf 80' lang='lat' dir='ltr'>Cynarae</span> <span class='ocrx_word' id='word_1_75' title='bbox 577 1163 691 1200; x_wconf 81' lang='lat' dir='ltr'><strong>moerere</strong></span> <span class='ocrx_word' id='word_1_76' title='bbox 711 1159 859 1214; x_wconf 77' lang='lat' dir='ltr'><strong>prorervae.</strong></span> 
     </span>
     <span class='ocr_line' id='line_1_12' title="bbox 167 1229 824 1303; baseline 0.003 -24"><span class='ocrx_word' id='word_1_77' title='bbox 167 1230 247 1284; x_wconf 72' lang='lat' dir='ltr'><strong>Furti</strong></span> <span class='ocrx_word' id='word_1_78' title='bbox 266 1249 314 1300; x_wconf 85' lang='lat' dir='ltr'><strong>per</strong></span> <span class='ocrx_word' id='word_1_79' title='bbox 332 1233 466 1303; x_wconf 84' lang='lat' dir='ltr'>angustam</span> <span class='ocrx_word' id='word_1_80' title='bbox 485 1232 572 1287; x_wconf 84' lang='lat' dir='ltr'>tenuis</span> <span class='ocrx_word' id='word_1_81' title='bbox 591 1231 709 1284; x_wconf 85' lang='lat' dir='ltr'>nitedula</span> <span class='ocrx_word' id='word_1_82' title='bbox 728 1229 824 1282; x_wconf 85' lang='lat' dir='ltr'><strong>rimam</strong></span> 
     </span>
    </p>

    <p class='ocr_par' dir='ltr' id='par_1_5' title="bbox 121 1315 900 1814">
     <span class='ocr_line' id='line_1_13' title="bbox 121 1315 900 1386; baseline 0.003 -18"><span class='ocrx_word' id='word_1_83' title='bbox 121 1321 156 1376; x_wconf 63' lang='grc' dir='ltr'><strong>,Θ</strong></span> <span class='ocrx_word' id='word_1_84' title='bbox 167 1318 291 1386; x_wconf 84' lang='lat' dir='ltr'><strong>Repserat</strong></span> <span class='ocrx_word' id='word_1_85' title='bbox 307 1319 337 1372; x_wconf 91' lang='lat' dir='ltr'><strong>in</strong></span> <span class='ocrx_word' id='word_1_86' title='bbox 352 1335 484 1372; x_wconf 82' lang='lat' dir='ltr'><strong>cumeram</strong></span> <span class='ocrx_word' id='word_1_87' title='bbox 499 1317 647 1376; x_wconf 78' lang='lat' dir='ltr'><strong>frumeuti3</strong></span> <span class='ocrx_word' id='word_1_88' title='bbox 661 1315 783 1385; x_wconf 83' lang='lat' dir='ltr'>pastaque</span> <span class='ocrx_word' id='word_1_89' title='bbox 798 1317 900 1376; x_wconf 70' lang='lat' dir='ltr'><strong>rursus</strong></span> 
     </span>
     <span class='ocr_line' id='line_1_14' title="bbox 168 1401 788 1475; baseline 0.005 -21"><span class='ocrx_word' id='word_1_90' title='bbox 168 1402 207 1456; x_wconf 85' lang='lat' dir='ltr'><strong>lrc</strong></span> <span class='ocrx_word' id='word_1_91' title='bbox 226 1404 296 1458; x_wconf 81' lang='lat' dir='ltr'><strong>foras</strong></span> <span class='ocrx_word' id='word_1_92' title='bbox 315 1407 396 1475; x_wconf 84' lang='lat' dir='ltr'><strong>pleno</strong></span> <span class='ocrx_word' id='word_1_93' title='bbox 415 1405 537 1460; x_wconf 79' lang='lat' dir='ltr'><strong>tendebat</strong></span> <span class='ocrx_word' id='word_1_94' title='bbox 554 1421 668 1472; x_wconf 85' lang='lat' dir='ltr'><strong>corpore</strong></span> <span class='ocrx_word' id='word_1_95' title='bbox 687 1401 788 1457; x_wconf 79' lang='lat' dir='ltr'><strong>frustra.</strong></span> 
     </span>
     <span class='ocr_line' id='line_1_15' title="bbox 168 1485 897 1560; baseline 0.008 -22"><span class='ocrx_word' id='word_1_96' title='bbox 168 1486 219 1539; x_wconf 91' lang='lat' dir='ltr'><strong>Cui</strong></span> <span class='ocrx_word' id='word_1_97' title='bbox 237 1489 343 1542; x_wconf 83' lang='lat' dir='ltr'>mustela</span> <span class='ocrx_word' id='word_1_98' title='bbox 359 1491 452 1558; x_wconf 82' lang='lat' dir='ltr'><strong>procul</strong></span> <span class='ocrx_word' id='word_1_99' title='bbox 465 1507 472 1542; x_wconf 78' lang='lat' dir='ltr'><strong><em>z</em></strong></span> <span class='ocrx_word' id='word_1_100' title='bbox 486 1489 514 1544; x_wconf 90' lang='lat' dir='ltr'><strong>si</strong></span> <span class='ocrx_word' id='word_1_101' title='bbox 528 1488 587 1553; x_wconf 87' lang='lat' dir='ltr'><strong>vis,</strong></span> <span class='ocrx_word' id='word_1_102' title='bbox 599 1486 653 1552; x_wconf 78' lang='lat' dir='ltr'><strong>ait,</strong></span> <span class='ocrx_word' id='word_1_103' title='bbox 666 1486 782 1560; x_wconf 83' lang='lat' dir='ltr'><strong>effugere</strong></span> <span class='ocrx_word' id='word_1_104' title='bbox 796 1485 897 1557; x_wconf 84' lang='lat' dir='ltr'><strong>istinc,</strong></span> 
     </span>
     <span class='ocr_line' id='line_1_16' title="bbox 169 1570 896 1643; baseline 0.012 -23"><span class='ocrx_word' id='word_1_105' title='bbox 169 1570 257 1625; x_wconf 87' lang='lat' dir='ltr'><strong>Macra</strong></span> <span class='ocrx_word' id='word_1_106' title='bbox 265 1591 361 1626; x_wconf 86' lang='lat' dir='ltr'>cavum</span> <span class='ocrx_word' id='word_1_107' title='bbox 370 1589 474 1643; x_wconf 80' lang='lat' dir='ltr'><strong>repetes</strong></span> <span class='ocrx_word' id='word_1_108' title='bbox 482 1572 685 1642; x_wconf 68' lang='lat' dir='ltr'><strong>arcium,quem</strong></span> <span class='ocrx_word' id='word_1_109' title='bbox 693 1589 780 1627; x_wconf 87' lang='lat' dir='ltr'><strong>macra</strong></span> <span class='ocrx_word' id='word_1_110' title='bbox 789 1573 896 1634; x_wconf 83' lang='lat' dir='ltr'>subisti.</span> 
     </span>
     <span class='ocr_line' id='line_1_17' title="bbox 169 1657 886 1728; baseline 0.014 -22"><span class='ocrx_word' id='word_1_111' title='bbox 169 1657 223 1710; x_wconf 83' lang='lat' dir='ltr'><strong>Hac</strong></span> <span class='ocrx_word' id='word_1_112' title='bbox 238 1675 289 1728; x_wconf 87' lang='lat' dir='ltr'><strong>ego</strong></span> <span class='ocrx_word' id='word_1_113' title='bbox 308 1659 331 1714; x_wconf 83' lang='lat' dir='ltr'><strong>si</strong></span> <span class='ocrx_word' id='word_1_114' title='bbox 347 1661 493 1728; x_wconf 84' lang='lat' dir='ltr'><strong>compellar</strong></span> <span class='ocrx_word' id='word_1_115' title='bbox 507 1657 639 1728; x_wconf 83' lang='lat' dir='ltr'>imagine,</span> <span class='ocrx_word' id='word_1_116' title='bbox 654 1657 746 1712; x_wconf 65' lang='lat' dir='ltr'><strong>cunda</strong></span> <span class='ocrx_word' id='word_1_117' title='bbox 760 1658 886 1728; x_wconf 83' lang='lat' dir='ltr'><strong>resigno.</strong></span> 
     </span>
     <span class='ocr_line' id='line_1_18' title="bbox 123 1743 881 1814; baseline 0.004 -19"><span class='ocrx_word' id='word_1_118' title='bbox 123 1745 153 1803; x_wconf 72' lang='lat'><strong>35</strong></span> <span class='ocrx_word' id='word_1_119' title='bbox 171 1745 226 1797; x_wconf 84' lang='lat' dir='ltr'><strong>Nec</strong></span> <span class='ocrx_word' id='word_1_120' title='bbox 245 1744 368 1798; x_wconf 84' lang='lat' dir='ltr'>somnum</span> <span class='ocrx_word' id='word_1_121' title='bbox 386 1743 470 1814; x_wconf 83' lang='lat' dir='ltr'><strong>plebis</strong></span> <span class='ocrx_word' id='word_1_122' title='bbox 489 1746 567 1797; x_wconf 89' lang='lat' dir='ltr'><strong>laudo</strong></span> <span class='ocrx_word' id='word_1_123' title='bbox 585 1743 656 1796; x_wconf 87' lang='lat' dir='ltr'>satur</span> <span class='ocrx_word' id='word_1_124' title='bbox 673 1743 808 1805; x_wconf 69' lang='lat' dir='ltr'><strong>altilium</strong></span> <span class='ocrx_word' id='word_1_125' title='bbox 826 1763 881 1799; x_wconf 87' lang='lat' dir='ltr'><strong>nec</strong></span> 
     </span>
    </p>

    <p class='ocr_par' dir='ltr' id='par_1_6' title="bbox 66 1819 749 1884">
     <span class='ocr_line' id='line_1_19' title="bbox 66 1819 749 1884; baseline 0.001 -1"><span class='ocrx_word' id='word_1_126' title='bbox 66 1819 70 1827; x_wconf 53' lang='lat'><strong>¹</strong></span> <span class='ocrx_word' id='word_1_127' title='bbox 171 1829 237 1884; x_wconf 88' lang='lat' dir='ltr'>Otia</span> <span class='ocrx_word' id='word_1_128' title='bbox 256 1830 359 1884; x_wconf 85' lang='lat' dir='ltr'><strong>divitiis</strong></span> <span class='ocrx_word' id='word_1_129' title='bbox 376 1831 491 1883; x_wconf 78' lang='lat' dir='ltr'>Arabum</span> <span class='ocrx_word' id='word_1_130' title='bbox 509 1829 644 1882; x_wconf 81' lang='lat' dir='ltr'><strong>liberrima</strong></span> <span class='ocrx_word' id='word_1_131' title='bbox 663 1831 749 1884; x_wconf 87' lang='lat' dir='ltr'>muto.</span> 
     </span>
    </p>

    <p class='ocr_par' dir='ltr' id='par_1_7' title="bbox 106 1913 876 2160">
     <span class='ocr_line' id='line_1_20' title="bbox 106 1913 876 1985; baseline 0 -17"><span class='ocrx_word' id='word_1_132' title='bbox 106 1976 109 1983; x_wconf 20' lang='grc' dir='ltr'><em>Ι</em></span> <span class='ocrx_word' id='word_1_133' title='bbox 170 1917 246 1984; x_wconf 76' lang='lat' dir='ltr'>Soepe</span> <span class='ocrx_word' id='word_1_134' title='bbox 264 1917 443 1970; x_wconf 79' lang='lat' dir='ltr'><strong>verecundum</strong></span> <span class='ocrx_word' id='word_1_135' title='bbox 461 1913 568 1967; x_wconf 80' lang='lat' dir='ltr'><strong>lauddsti</strong></span> <span class='ocrx_word' id='word_1_136' title='bbox 583 1932 591 1974; x_wconf 79' lang='lat'>3</span> <span class='ocrx_word' id='word_1_137' title='bbox 606 1929 728 1982; x_wconf 80' lang='lat' dir='ltr'><strong>rexque,</strong></span> <span class='ocrx_word' id='word_1_138' title='bbox 744 1924 876 1985; x_wconf 86' lang='lat' dir='ltr'><strong>paterque</strong></span> 
     </span>
     <span class='ocr_line' id='line_1_21' title="bbox 170 1996 823 2070; baseline 0.002 -16"><span class='ocrx_word' id='word_1_139' title='bbox 170 2002 272 2056; x_wconf 85' lang='lat' dir='ltr'>Audisti</span> <span class='ocrx_word' id='word_1_140' title='bbox 290 2002 399 2068; x_wconf 77' lang='lat' dir='ltr'><strong>coram,</strong></span> <span class='ocrx_word' id='word_1_141' title='bbox 417 2018 466 2055; x_wconf 89' lang='lat' dir='ltr'><strong>ncc</strong></span> <span class='ocrx_word' id='word_1_142' title='bbox 484 2002 567 2054; x_wconf 87' lang='lat' dir='ltr'><strong>verbo</strong></span> <span class='ocrx_word' id='word_1_143' title='bbox 586 2001 690 2070; x_wconf 70' lang='lat' dir='ltr'><strong>parcitis</strong></span> <span class='ocrx_word' id='word_1_144' title='bbox 709 1996 823 2056; x_wconf 81' lang='lat' dir='ltr'>absens:</span> 
     </span>
     <span class='ocr_line' id='line_1_22' title="bbox 171 2079 802 2160; baseline 0.01 -22"><span class='ocrx_word' id='word_1_145' title='bbox 171 2089 272 2158; x_wconf 83' lang='lat' dir='ltr'>Inspice</span> <span class='ocrx_word' id='word_1_146' title='bbox 291 2091 316 2144; x_wconf 89' lang='lat' dir='ltr'><strong>si</strong></span> <span class='ocrx_word' id='word_1_147' title='bbox 332 2089 436 2160; x_wconf 72' lang='lat' dir='ltr'><strong>polium</strong></span> <span class='ocrx_word' id='word_1_148' title='bbox 455 2091 551 2142; x_wconf 85' lang='lat' dir='ltr'>donata</span> <span class='ocrx_word' id='word_1_149' title='bbox 568 2079 698 2156; x_wconf 53' lang='lat' dir='ltr'><strong>rep&#39;onere</strong></span> <span class='ocrx_word' id='word_1_150' title='bbox 716 2091 802 2144; x_wconf 82' lang='lat' dir='ltr'><strong>laetus.</strong></span> 
     </span>
    </p>

    <p class='ocr_par' dir='ltr' id='par_1_8' title="bbox 121 2161 896 2588">
     <span class='ocr_line' id='line_1_23' title="bbox 121 2161 893 2245; baseline 0.008 -19"><span class='ocrx_word' id='word_1_151' title='bbox 121 2161 160 2226; x_wconf 69' lang='lat' dir='ltr'><strong>&#39;acc</strong></span> <span class='ocrx_word' id='word_1_152' title='bbox 171 2173 245 2226; x_wconf 88' lang='lat' dir='ltr'><strong>Haud</strong></span> <span class='ocrx_word' id='word_1_153' title='bbox 257 2175 326 2229; x_wconf 65' lang='lat' dir='ltr'><strong>mali</strong></span> <span class='ocrx_word' id='word_1_154' title='bbox 334 2175 523 2238; x_wconf 80' lang='lat' dir='ltr'><strong>Telemachus,</strong></span> <span class='ocrx_word' id='word_1_155' title='bbox 534 2176 623 2243; x_wconf 86' lang='lat' dir='ltr'><strong>proles</strong></span> <span class='ocrx_word' id='word_1_156' title='bbox 634 2173 759 2245; x_wconf 84' lang='lat' dir='ltr'>patieutis</span> <span class='ocrx_word' id='word_1_157' title='bbox 768 2174 893 2245; x_wconf 76' lang='lat' dir='ltr'><strong>Ulyli&#39;eir</strong></span> 
     </span>
     <span class='ocr_line' id='line_1_24' title="bbox 170 2260 893 2330; baseline 0.007 -20"><span class='ocrx_word' id='word_1_158' title='bbox 170 2261 234 2312; x_wconf 87' lang='lat' dir='ltr'><strong>Non</strong></span> <span class='ocrx_word' id='word_1_159' title='bbox 244 2260 281 2312; x_wconf 81' lang='lat' dir='ltr'><strong>cst</strong></span> <span class='ocrx_word' id='word_1_160' title='bbox 292 2275 368 2328; x_wconf 85' lang='lat' dir='ltr'>aptus</span> <span class='ocrx_word' id='word_1_161' title='bbox 379 2261 454 2330; x_wconf 88' lang='lat' dir='ltr'>equis</span> <span class='ocrx_word' id='word_1_162' title='bbox 464 2261 557 2312; x_wconf 83' lang='lat' dir='ltr'><strong>ltlracae</strong></span> <span class='ocrx_word' id='word_1_163' title='bbox 569 2261 695 2322; x_wconf 88' lang='lat' dir='ltr'><strong>locus,ut</strong></span> <span class='ocrx_word' id='word_1_164' title='bbox 705 2277 789 2330; x_wconf 78' lang='lat' dir='ltr'>neque</span> <span class='ocrx_word' id='word_1_165' title='bbox 801 2262 893 2330; x_wconf 82' lang='lat' dir='ltr'>planis</span> 
     </span>
     <span class='ocr_line' id='line_1_25' title="bbox 171 2344 893 2416; baseline 0.003 -19"><span class='ocrx_word' id='word_1_166' title='bbox 171 2344 309 2398; x_wconf 77' lang='lat' dir='ltr'><strong>Porrec&#39;tus</strong></span> <span class='ocrx_word' id='word_1_167' title='bbox 323 2345 429 2414; x_wconf 87' lang='lat' dir='ltr'>spatiis,</span> <span class='ocrx_word' id='word_1_168' title='bbox 442 2361 527 2414; x_wconf 83' lang='lat' dir='ltr'>neque</span> <span class='ocrx_word' id='word_1_169' title='bbox 541 2347 630 2397; x_wconf 86' lang='lat' dir='ltr'><strong>multae</strong></span> <span class='ocrx_word' id='word_1_170' title='bbox 644 2347 770 2416; x_wconf 82' lang='lat' dir='ltr'><strong>prodigus</strong></span> <span class='ocrx_word' id='word_1_171' title='bbox 782 2347 893 2408; x_wconf 82' lang='lat' dir='ltr'><strong>herbae3</strong></span> 
     </span>
     <span class='ocr_line' id='line_1_26' title="bbox 170 2429 857 2502; baseline 0.01 -22"><span class='ocrx_word' id='word_1_172' title='bbox 170 2429 280 2494; x_wconf 87' lang='lat' dir='ltr'><strong>Atride,</strong></span> <span class='ocrx_word' id='word_1_173' title='bbox 293 2431 379 2500; x_wconf 83' lang='lat' dir='ltr'>magis</span> <span class='ocrx_word' id='word_1_174' title='bbox 397 2445 457 2500; x_wconf 87' lang='lat' dir='ltr'><strong>apra</strong></span> <span class='ocrx_word' id='word_1_175' title='bbox 476 2431 525 2484; x_wconf 89' lang='lat' dir='ltr'>tibi</span> <span class='ocrx_word' id='word_1_176' title='bbox 544 2447 589 2484; x_wconf 88' lang='lat' dir='ltr'><strong>cua</strong></span> <span class='ocrx_word' id='word_1_177' title='bbox 607 2431 675 2483; x_wconf 87' lang='lat' dir='ltr'><strong>dona</strong></span> <span class='ocrx_word' id='word_1_178' title='bbox 694 2431 857 2502; x_wconf 85' lang='lat' dir='ltr'><strong>relinquam.</strong></span> 
     </span>
     <span class='ocr_line' id='line_1_27' title="bbox 172 2514 896 2588; baseline 0.008 -20"><span class='ocrx_word' id='word_1_179' title='bbox 172 2514 287 2568; x_wconf 79' lang='lat' dir='ltr'><strong>Parvum</strong></span> <span class='ocrx_word' id='word_1_180' title='bbox 298 2533 380 2585; x_wconf 84' lang='lat' dir='ltr'>parva</span> <span class='ocrx_word' id='word_1_181' title='bbox 391 2519 484 2570; x_wconf 81' lang='lat' dir='ltr'><strong>decent</strong></span> <span class='ocrx_word' id='word_1_182' title='bbox 492 2537 498 2571; x_wconf 75' lang='grc' dir='ltr'><strong>ι</strong></span> <span class='ocrx_word' id='word_1_183' title='bbox 507 2517 574 2570; x_wconf 89' lang='lat' dir='ltr'><strong>mihi</strong></span> <span class='ocrx_word' id='word_1_184' title='bbox 582 2515 636 2582; x_wconf 86' lang='lat' dir='ltr'><strong>jam</strong></span> <span class='ocrx_word' id='word_1_185' title='bbox 646 2533 701 2570; x_wconf 88' lang='lat' dir='ltr'><strong>nou</strong></span> <span class='ocrx_word' id='word_1_186' title='bbox 711 2518 782 2588; x_wconf 86' lang='lat' dir='ltr'>regia</span> <span class='ocrx_word' id='word_1_187' title='bbox 789 2519 896 2585; x_wconf 87' lang='lat' dir='ltr'>Roma,</span> 
     </span>
    </p>

    <p class='ocr_par' dir='ltr' id='par_1_9' title="bbox 124 2599 943 2760">
     <span class='ocr_line' id='line_1_28' title="bbox 124 2599 943 2672; baseline 0.005 -18"><span class='ocrx_word' id='word_1_188' title='bbox 124 2599 156 2660; x_wconf 76' lang='lat'><strong>&#39;⁴5</strong></span> <span class='ocrx_word' id='word_1_189' title='bbox 172 2599 222 2652; x_wconf 89' lang='lat' dir='ltr'><strong>Sed</strong></span> <span class='ocrx_word' id='word_1_190' title='bbox 233 2617 347 2654; x_wconf 89' lang='lat' dir='ltr'>vacuum</span> <span class='ocrx_word' id='word_1_191' title='bbox 356 2601 439 2656; x_wconf 86' lang='lat' dir='ltr'>Tibur</span> <span class='ocrx_word' id='word_1_192' title='bbox 450 2605 551 2672; x_wconf 88' lang='lat' dir='ltr'><strong>placet,</strong></span> <span class='ocrx_word' id='word_1_193' title='bbox 562 2615 607 2655; x_wconf 90' lang='lat' dir='ltr'><strong>aut</strong></span> <span class='ocrx_word' id='word_1_194' title='bbox 619 2603 724 2656; x_wconf 85' lang='lat' dir='ltr'><strong>imbelle</strong></span> <span class='ocrx_word' id='word_1_195' title='bbox 731 2605 893 2662; x_wconf 82' lang='lat' dir='ltr'>Tarentum.</span> <span class='ocrx_word' id='word_1_196' title='bbox 940 2603 943 2611; x_wconf 76' lang='grc'>’</span> 
     </span>
     <span class='ocr_line' id='line_1_29' title="bbox 172 2686 884 2760; baseline 0.01 -23"><span class='ocrx_word' id='word_1_197' title='bbox 172 2687 314 2752; x_wconf 82' lang='lat' dir='ltr'><strong>Strenuus,</strong></span> <span class='ocrx_word' id='word_1_198' title='bbox 326 2687 352 2740; x_wconf 76' lang='lat' dir='ltr'><strong>dt</strong></span> <span class='ocrx_word' id='word_1_199' title='bbox 362 2687 456 2753; x_wconf 80' lang='lat' dir='ltr'><strong>fortis,</strong></span> <span class='ocrx_word' id='word_1_200' title='bbox 468 2687 604 2756; x_wconf 84' lang='lat' dir='ltr'><strong>causisque</strong></span> <span class='ocrx_word' id='word_1_201' title='bbox 618 2686 755 2757; x_wconf 79' lang='lat' dir='ltr'><strong>Philippus</strong></span> <span class='ocrx_word' id='word_1_202' title='bbox 769 2689 884 2760; x_wconf 78' lang='lat' dir='ltr'><strong>agendis</strong></span> 
     </span>
    </p>

    <p class='ocr_par' dir='ltr' id='par_1_10' title="bbox 117 2771 902 2930">
     <span class='ocr_line' id='line_1_30' title="bbox 117 2771 819 2839; baseline 0.006 -16"><span class='ocrx_word' id='word_1_203' title='bbox 117 2823 120 2829; x_wconf 82' lang='grc'><em>,</em></span> <span class='ocrx_word' id='word_1_204' title='bbox 173 2775 283 2839; x_wconf 86' lang='lat' dir='ltr'><strong>Clarus,</strong></span> <span class='ocrx_word' id='word_1_205' title='bbox 299 2777 331 2827; x_wconf 86' lang='lat' dir='ltr'><strong>ab</strong></span> <span class='ocrx_word' id='word_1_206' title='bbox 348 2772 441 2827; x_wconf 85' lang='lat' dir='ltr'><strong>officiis</strong></span> <span class='ocrx_word' id='word_1_207' title='bbox 462 2772 583 2825; x_wconf 73' lang='lat' dir='ltr'>ociavam</span> <span class='ocrx_word' id='word_1_208' title='bbox 602 2771 707 2825; x_wconf 85' lang='lat' dir='ltr'><strong>circiter</strong></span> <span class='ocrx_word' id='word_1_209' title='bbox 724 2775 819 2828; x_wconf 87' lang='lat' dir='ltr'><strong>horam</strong></span> 
     </span>
     <span class='ocr_line' id='line_1_31' title="bbox 171 2855 902 2930; baseline 0.011 -22"><span class='ocrx_word' id='word_1_210' title='bbox 171 2855 244 2910; x_wconf 81' lang='lat' dir='ltr'><strong>Dum</strong></span> <span class='ocrx_word' id='word_1_211' title='bbox 262 2859 349 2926; x_wconf 88' lang='lat' dir='ltr'><strong>redit,</strong></span> <span class='ocrx_word' id='word_1_212' title='bbox 365 2873 443 2930; x_wconf 88' lang='lat' dir='ltr'>atque</span> <span class='ocrx_word' id='word_1_213' title='bbox 463 2859 524 2924; x_wconf 74' lang='lat' dir='ltr'><strong>furo</strong></span> <span class='ocrx_word' id='word_1_214' title='bbox 543 2857 657 2911; x_wconf 75' lang='lat' dir='ltr'>nimium</span> <span class='ocrx_word' id='word_1_215' title='bbox 676 2859 766 2914; x_wconf 82' lang='lat' dir='ltr'><strong>dillare</strong></span> <span class='ocrx_word' id='word_1_216' title='bbox 784 2860 902 2916; x_wconf 69' lang='lat' dir='ltr'><strong>Carina:</strong></span> 
     </span>
    </p>
   </div>
   <div class='ocr_carea' id='block_1_3' title="bbox 0 0 1008 3608">
    <p class='ocr_par' dir='ltr' id='par_1_11' title="bbox 0 0 1008 3608">
     <span class='ocr_line' id='line_1_32' title="bbox 0 0 1008 3608; baseline 0 0"><span class='ocrx_word' id='word_1_217' title='bbox 0 0 1008 3608; x_wconf 95' lang='lat' dir='ltr'><strong> </strong></span> 
     </span>
    </p>
   </div>
  </div>
 </body>
</html>
