1922 3598
257 341 380 412 [ιθ
405 360 430 411 u
454 359 481 409 n
539 339 568 408 Ι.
704 353 768 406 221

56 451 93 506 Ur
110 471 210 526 nemo,
225 462 327 518 Varius
345 463 418 519 ducit
433 483 441 518 e
460 464 543 516 molle
561 473 642 530 atque
660 460 774 514 facetum

56 536 170 609 Virgilio
190 561 343 603 annuerunt
361 552 503 621 gaudentes
521 563 582 600 rure
601 548 747 600 amoenae.
786 559 819 612 45

55 624 113 677 Hoc
131 646 206 696 erat,
224 651 340 703 experto
358 635 449 690 frustra
465 636 588 690 Varrone
606 632 738 696 Atacino,

54 713 138 780 Atque
149 717 308 785 quibusdam
316 721 375 774 aliis
382 759 390 786 ,
398 721 494 774 melius
505 722 578 790 quod
585 719 699 773 scribere
707 715 823 788 pofl'em,

54 798 197 858 luventore
209 805 311 862 minor.
321 810 416 878 Neque
427 823 480 877 ego
490 807 532 860 illi
542 806 676 870 detrahere
689 804 775 860 ausim

54 883 206 940 Haerentem
225 889 309 960 capiti
327 894 411 945 multa
427 907 489 946 eum
505 891 582 944 laude
600 905 738 944 coronam.

54 970 87 1026 lt
99 971 158 1026 dixi
173 973 259 1029 fluere
274 977 345 1031 hunc
358 979 534 1042 lutulennrnr,
545 977 614 1046 saepe
627 978 758 1031 serentem
791 987 825 1042 ςο

54 1055 127 1110 Phua
142 1061 254 1130 quidem
267 1065 386 1117 tollenda
397 1064 587 1134 relinquendis.
598 1065 668 1134 Age,
678 1063 783 1134 queso,

55 1143 94 1196 Tu
110 1145 180 1199 nihil
197 1147 228 1200 in
245 1165 345 1220 magno
359 1149 452 1205 doetus
468 1150 605 1220 reprendis
620 1150 766 1204 Homero?

57 1228 98 1282 Nil
116 1233 203 1287 comis
225 1235 320 1306 tragici
342 1249 427 1289 murat
445 1235 564 1290 Lucilius
583 1237 639 1290 Atti
658 1239 669 1290 l

56 1315 116 1367 Non
134 1318 202 1371 ridet
222 1322 317 1373 versus
335 1322 404 1374 Enni
423 1323 551 1390 gravitate
569 1320 708 1384 minores,

56 1401 144 1466 Quum
159 1407 191 1458 de
207 1406 237 1459 se
251 1407 387 1474 loquitur,
400 1421 455 1459 non
468 1419 497 1458 ut
509 1403 610 1469 majore
624 1405 778 1474 reprensis?
793 1423 805 1476 ς
810 1428 823 1476 5

57 1486 128 1550 Quid
144 1505 238 1555 verae,
256 1492 284 1544 δι
300 1491 404 1544 nosmet
419 1490 505 1543 Lucili
524 1490 619 1559 scripta
636 1493 754 1562 legenter

58 1574 179 1638 Quaerere
198 1597 269 1632 num
288 1579 377 1644 illius,
391 1596 456 1634 num
474 1595 562 1634 rerum
579 1581 642 1633 dura
658 1580 762 1650 negdrit

18 1685 21 1694 ·
42 1661 208 1718 .Versiculos
227 1666 330 1718 Natura
350 1666 434 1735 magis
452 1664 557 1730 latios,
576 1665 603 1718 &
621 1679 715 1720 euntes

58 1747 182 1814 Mollius,
195 1767 224 1804 ac
241 1750 266 1804 si
279 1751 359 1820 quis,
372 1751 482 1819 pedihus
498 1751 561 1821 quid
575 1752 694 1805 claudere
708 1750 778 1806 fenis

59 1833 116 1888 Hoc
131 1835 235 1890 tantum
252 1851 408 1900 contentus,
421 1851 491 1890 amer
505 1836 634 1906 scripsille
649 1839 779 1891 ducentos
791 1843 828 1898 60

59 1922 124 1972 Ante
140 1923 229 1976 cibum
247 1924 355 1985 versus,
369 1922 482 1976 totidem
499 1938 619 1976 coenatus
635 1925 645 1976 ἓ
661 1921 761 1975 Etmsci

60 2003 141 2069 Quale
160 2007 211 2061 fuit
232 2010 308 2060 Cassi
328 2007 421 2078 rapido
440 2008 587 2062 ferventius
606 2007 679 2060 amni

60 2090 220 2154 Ingeniumt
240 2093 326 2160 capsis
345 2109 425 2162 quem
443 2093 512 2146 fama
530 2092 567 2145 est
585 2091 636 2148 effe
655 2092 780 2163 librisque

61 2176 213 2240 Ambustum
231 2177 358 2248 propriis.
377 2177 465 2230 luerit
482 2176 619 2241 Lucilius,
634 2176 760 2248 inquam,

63 2263 173 2328 Comis,
192 2265 218 2317 dt
238 2263 350 2316 urbanus
366 2280 374 2322 3
394 2259 473 2316 fuerit
491 2259 610 2314 limatior
628 2261 717 2325 idem,
792 2279 825 2345 ⁶5

62 2349 147 2414 Quium
164 2351 253 2414 rudis,
266 2349 292 2401 &
305 2347 407 2402 Grecis
423 2346 515 2400 intelli
529 2348 653 2402 carminis
668 2350 781 2410 audiorr

64 2435 202 2506 Quinque
219 2435 366 2505 poetarum
375 2433 511 2488 seniorum
528 2435 602 2487 turba
616 2454 624 2488 a
639 2436 685 2488 sed
701 2437 761 2503 ille,

64 2522 91 2574 Si
107 2524 177 2577 foret
193 2523 247 2576 hoc
266 2520 384 2574 nostrum
401 2520 457 2572 fato
475 2519 570 2573 dilatus
589 2520 619 2574 in
637 2540 744 2586 aevum,

63 2608 201 2662 Detererer
216 2605 266 2661 sibi
281 2608 378 2670 multa,
388 2605 516 2659 recideret
530 2621 610 2659 omne
626 2610 699 2675 quod
713 2609 781 2660 ultra

64 2693 209 2748 Perfetium
226 2693 390 2756 traheretur,
408 2693 435 2744 ἃ
451 2690 481 2744 in
499 2691 578 2744 versu
595 2691 717 2745 faciendo
792 2718 829 2767 70

65 2779 137 2847 Saepe
155 2792 233 2848 eaput
250 2777 383 2840 scaberet,
397 2775 479 2830 vivos
500 2777 648 2830 &roderet
666 2795 779 2849 ungues.

67 2864 138 2932 Saepe
152 2863 249 2936 stylum
262 2877 367 2926 vertas,
378 2860 476 2914 iterum
489 2877 550 2931 qua
562 2860 641 2931 digna
652 2863 705 2932 legi
718 2864 787 2930 sint,

67 2949 211 3023 Scriptums
222 2968 231 3013 3
244 2965 330 3020 neque
345 2962 373 3002 te
387 2960 418 3000 ut
433 2945 544 3000 mitetur
557 2947 649 3010 turba,
660 2949 778 3016 labores,

560 3037 588 3092 K
605 3038 635 3106 iij
