1980 3614
230 225 463 299 'Ltaan
524 229 595 300 11.
730 223 772 296 61

1 409 2 420 γ
46 353 134 406 cedes
154 352 296 422 coemptis
314 354 444 418 saltibus,
461 356 488 407 &
505 355 604 419 domo,

1 457 2 460 ¹
46 437 197 508 villique,
212 439 305 492 ssavus
326 457 407 510 quam
422 439 524 494 Tiberis
542 442 627 506 lavit,

1 569 2 578 ,
84 524 171 578 (tedes
188 543 197 586 3
215 526 244 578 δι
263 525 402 578 exliruffls
421 523 450 576 in
468 529 549 579 altum

1 603 2 614 ¹
119 610 242 663 Divitiis
263 611 385 678 potietur
403 611 487 666 heres.

51 693 191 759 Divesm,
208 696 301 764 prisco
321 711 398 748 natus
417 698 448 750 ab
465 686 582 764 Inach03

51 781 95 833 Nil
114 781 246 846 interest,
267 799 301 833 an
320 799 438 850 pauper,
454 783 479 835 δι
496 785 587 838 infima

84 867 129 918 De
150 881 235 936 gente
255 867 367 919 subdio
387 871 514 934 moreris,

120 951 248 1005 Vistima
268 951 307 1004 nil
326 953 473 1008 miserantis
493 957 569 1009 Orci.

1 1088 2 1096 ,
50 1035 159 1088 Omnes
180 1035 277 1089 eodem
296 1037 438 1105 cogimur:
459 1041 579 1093 omnium
792 1049 824 1100 25

48 1121 182 1175 Versatur
200 1119 268 1172 urni
287 1120 388 1182 seritis,
404 1122 479 1174 ociis
599 1177 604 1186 Χ

88 1206 154 1256 Sors
175 1204 298 1268 exitura,
317 1205 343 1256 &
359 1223 410 1258 nos
430 1207 458 1258 in
477 1221 605 1261 aeternum

124 1286 260 1340 Exsilium
279 1287 438 1356 impositura
456 1293 568 1360 cymbae.

59 1429 769 1488 Qmfflffl

142 1576 248 1660 CA
273 1576 314 1658 R
342 1575 391 1660 M
421 1576 455 1658 E
484 1577 526 1660 N
589 1575 607 1658 Ι
636 1577 689 1660 V.

78 1761 153 1824 'AD
179 1762 463 1822 XANTHIAM
489 1763 747 1826 pnocacJM.

58 1918 143 1994 Quod
158 1915 290 1982 ancillam
305 1932 391 1985 amet,
399 1937 453 1976 non
468 1913 515 1995 effi
531 1937 578 1974 cur
588 1938 645 1975 eum
655 1919 775 1997 pudeat:

96 2016 192 2074 multis
206 2016 275 2075 enim
289 2019 394 2099 magnis
406 2017 472 2074 viris
485 2017 554 2074 idem
567 2013 615 2092 ufit
626 2013 732 2093 veniffe.

99 2155 126 2198 ‘l'

54 2209 85 2275 j.
108 2200 144 2270 'a
164 2219 202 2271 sit
221 2218 323 2273 ancillae
342 2219 390 2272 tibi
408 2237 483 2273 amor
501 2217 632 2288 pudori,-

1 2299 2 2380 3
55 2303 175 2357 Xanthia
194 2304 326 2356 Phoceu:
346 2304 420 2371 privis
440 2305 598 2358 insolentem

56 2393 138 2444 Serva
158 2388 255 2441 Briseis
275 2388 358 2441 niveo
376 2391 467 2442 colore

166 2475 260 2527 Movit
276 2475 417 2527 Achillem.

54 2562 150 2616 Movit
168 2559 275 2626 Ajacem
292 2562 438 2614 Telamone
456 2577 546 2615 natum
808 2575 821 2629 ς

56 2653 151 2703 Forma
171 2649 287 2716 captivae
307 2649 444 2701 dominum
460 2649 624 2705 Tecmessae

55 2737 128 2790 Arsit
145 2735 252 2786 Atrides
272 2733 361 2784 medio
379 2733 408 2785 in
427 2733 562 2804 triumpho

164 2819 280 2892 Virgine
299 2815 394 2886 taptl;
484 2831 486 2834 ·
537 2836 540 2842 ·
