1922 3598
110 641 470 734 sluttra
529 647 663 734 llll.

33 797 64 858 In
72 802 217 866 annorum
229 809 309 868 vitiis
320 809 531 878 connivendum,
541 829 624 888 neque
632 822 748 890 peccata

107 907 203 964 omnia
221 908 252 967 in
265 906 391 986 sceltmm
408 931 514 972 numero
531 909 668 994 portenda.

39 999 217 1127 Obruitur
228 1075 285 1129 hoc
292 1076 390 1132 vitium
400 1077 437 1131 est
446 1077 596 1132 cantoribus
605 1115 612 1140 ,
620 1074 691 1128 inter
699 1068 799 1123 anticos

35 1154 70 1206 Ut
79 1171 223 1228 numquam
235 1160 361 1215 inducant
373 1164 491 1216 animum
502 1177 606 1216 cantare
616 1157 723 1230 rogatil

37 1238 125 1306 injussi
140 1260 289 1316 numquam
304 1248 435 1303 desistant.
451 1249 546 1301 Sardus
559 1246 670 1299 hahebat

37 1323 80 1377 Ille
91 1327 221 1398 Tigellius
234 1333 298 1386 hoc.
314 1334 412 1399 Cariat,
424 1333 471 1404 qui
485 1349 580 1404 cogere
594 1327 698 1399 pollet,

39 1409 63 1461 Si
76 1427 174 1479 peteret
184 1433 235 1485 pet
247 1416 392 1470 amicitiam
404 1417 502 1488 patris,
511 1430 591 1486 atquc
602 1415 689 1477 suam,
699 1426 755 1464 nnn
786 1423 799 1480 ς

39 1496 182 1567 Quidquam
198 1501 364 1572 proficeret:
378 1505 402 1557 si
417 1500 590 1565 collibuiffet‚
603 1501 634 1552 ab
645 1515 702 1552 ovo

41 1579 121 1651 Usque
131 1589 163 1640 ad
174 1591 247 1642 ntala
260 1588 368 1654 citaret,
378 1589 408 1642 lo
419 1589 534 1653 bacche,
544 1583 626 1640 modb
636 1581 737 1638 summi

42 1663 200 1734 Vocemodu
208 1674 260 1726 hac
269 1673 374 1727 resonat
382 1692 440 1744 quae
448 1670 756 1743 chordisquattuorirna.

43 1751 82 1805 Nil
96 1762 194 1826 aequale
210 1759 318 1812 homini
332 1759 383 1814 fuit
398 1759 448 1815 illi.
463 1761 539 1830 Saepe
551 1762 627 1813 velut
641 1757 687 1828 qui

45 1837 160 1895 Currebat
171 1843 278 1915 fugiens
289 1844 408 1905 hostem
418 1846 533 1915 persaepe
543 1847 619 1898 velut
630 1843 677 1913 qui
770 1861 805 1901 tn

45 1920 148 1982 lunonis
159 1931 232 1984 sacra
241 1931 330 1986 ferret.
340 1930 455 1985 Habebat
465 1933 534 2002 saepe
544 1933 689 1994 ducentos,

46 2005 113 2077 §ape
121 2014 214 2068 decem
225 2016 329 2069 servos:
339 2015 422 2070 modi>
431 2035 506 2088 reges
515 2032 595 2087 atque
603 2015 758 2076 tetrarchas,

48 2093 807 2170 Omniatuagnaloquenstrnodb,sitmihimensarupen&

48 2183 148 2238 Concha
159 2187 221 2240 salis
232 2186 306 2254 puri,
318 2187 345 2238 bc
355 2203 432 2256 toga,
442 2205 500 2256 quae
511 2187 649 2240 defendere
659 2185 758 2256 frigus,

47 2267 170 2332 Quamvis
182 2270 262 2325 ctalla
270 2310 277 2335 ‚
286 2286 376 2340 queat.
387 2272 483 2333 Decies
494 2289 605 2326 centena
615 2269 724 2326 dedlffes
774 2275 804 2328 15

48 2351 110 2409 Huic
122 2373 203 2426 parco
217 2357 309 2427 paucis
323 2371 467 2422 contento,
480 2357 597 2428 quinque
612 2357 705 2411 diebus

48 2438 87 2493 llil
99 2460 154 2497 etat
169 2445 198 2496 in
211 2443 316 2498 loculis.
331 2443 431 2497 Nolies
443 2443 571 2515 vigilabat
582 2443 614 2498 ad
626 2443 713 2514 ipsunt

20 2585 21 2592 χ
48 2519 138 2583 Mane:
131 2532 221 2585 diem
231 2545 320 2584 totum
330 2529 460 2585 stertebat.
470 2531 516 2584 Νι]
527 2531 578 2585 furt
588 2547 716 2608 umquam

20 2619 22 2628 ‘
39 2609 104 2665 'Sic
97 2633 182 2687 impar
193 2615 253 2670 sibi.
263 2617 341 2670 Nunc
351 2615 447 2686 aliquis
459 2616 528 2670 dicat
539 2617 606 2671 milti
614 2617 702 2684 ,Quid
712 2615 760 2667 tu²
775 2627 809 2680 19

22 2698 496 2766 llullanehabesvitiallmmoalia‚
503 2702 573 2756 haud
583 2700 687 2755 fortaffe
696 2715 811 2755 minora

22 2727 25 2832 i
52 2779 157 2841 Manius
168 2787 302 2842 absentem
312 2786 434 2839 Novium
445 2804 526 2856 quum
540 2801 674 2856 carperet·
685 2787 758 2839 Heus
770 2799 817 2851 tu,

25 2865 206 2929 Quidamait
206 2874 430 2944 ,ignotaste2an,
436 2887 466 2924 ut
476 2873 608 2943 ignotum,
615 2870 761 2926 darenobis

26 2939 28 3010 i
54 2947 134 3012 Verba
143 2959 355 3032 putatlllgontet
365 2957 403 3012 ml
414 2957 536 3030 ignosco,
541 2955 673 3011 Maenius'
665 2955 765 3026 inquit.

571 3041 621 3113 lii
