2058 3610
315 302 537 370 Llaaa
596 301 696 370 ΙΙΙ.
797 317 861 367 101

136 417 213 470 Non
232 430 258 471 te
277 418 429 490 Penelopen
448 423 581 476 difficilem
600 422 690 491 procis

259 505 414 574 Tyrrhenus
432 507 524 578 genuit
542 525 646 575 parens.

142 586 175 640 0
196 591 203 642 l
224 590 345 656 quamvis
366 609 450 660 neque
469 606 495 644 te
514 608 640 656 munera,
655 608 705 644 nec
722 605 830 660 preces,

140 673 208 724 Nec
228 672 325 725 tindlus
343 673 417 727 vi'old
435 677 521 744 pallor
538 675 698 740 amantium,

139 757 206 809 Nec
226 756 270 808 vir
287 757 372 810 Pieria
391 761 487 828 pellice
505 761 605 813 saucius
878 770 907 822 15

261 843 378 908 Cuma,
395 844 553 914 supplicibus
572 845 625 900 tuis

141 929 265 991 Parcas,
282 945 332 981 nee
348 929 432 1000 rigidd
451 929 560 983 mollior
577 931 693 996 asculo,

139 1015 208 1066 Nec
227 1013 328 1066 Mauris
347 1014 464 1068 animum
482 1015 574 1068 mitior
592 1016 729 1086 anguibus.

140 1101 217 1152 Non
233 1098 285 1152 hoc
303 1100 405 1168 semper
422 1100 472 1152 erit
488 1099 610 1166 liminis,
625 1118 669 1154 aut
687 1117 762 1170 aqua

262 1183 381 1237 Caelestis
398 1184 501 1256 patiens
518 1187 596 1238 latus.
878 1195 913 1234 20

164 1324 340 1365 ,ΕΗ
408 1313 857 1371 „stmstm

213 1447 320 1533 CA
354 1448 393 1532 R
431 1447 479 1532 M
516 1446 625 1530 ΕΝ
705 1443 806 1531 ΧΙ.

273 1627 348 1687 AD
379 1625 745 1688 MERCURIUM.

148 1774 195 1834 Ut
212 1788 307 1831 cantus
315 1773 369 1852 fibi
382 1774 477 1842 diuet,
489 1773 586 1850 quibus
599 1735 675 1853 dyde
684 1771 757 1850 flelli
766 1773 865 1852 possit.

145 1901 393 2022 Mazacum
413 1967 496 2035 (nam
513 1980 540 2020 te
559 1965 653 2042 docilis
671 1965 794 2037 magistro

145 2054 246 2107 Movit
262 2054 398 2122 Amphion
415 2053 515 2121 lapides
533 2052 672 2120 canendo)

146 2139 247 2206 Tuque
264 2135 398 2202 Testudo,
414 2137 537 2190 resonare
555 2137 656 2204 septem

262 2223 360 2276 Callida
378 2223 489 2286 nervis,

147 2309 211 2364 Nec
228 2310 328 2376 loquax
346 2307 430 2369 olim,
447 2321 533 2375 neque
552 2319 625 2376 grata
638 2323 647 2364 ·,
662 2321 732 2359 nunc
752 2307 778 2358 δι

146 2393 278 2450 Divitum
298 2393 396 2446 mensis
416 2393 542 2444 &amica
560 2391 686 2460 templis,

145 2481 206 2535 Dic
224 2479 338 2543 modos,
354 2479 428 2547 Lyde
448 2469 543 2545 quibu's
562 2475 702 2530 obstinatas

259 2563 380 2631 Applicet
401 2578 487 2614 aures.
668 2551 670 2556 ’

145 2651 240 2716 Quae,
256 2649 332 2700 velut
348 2645 408 2698 latis
426 2663 493 2714 equa
511 2643 589 2699 trima
608 2645 729 2715 campis,

145 2734 231 2790 Ludit
249 2732 392 2794 exsultim,
409 2731 555 2800 meruitque
574 2732 648 2801 tangi
695 2738 700 2764 '-
756 2744 758 2754 ·

145 2817 309 2888 Nuptiarum
328 2833 442 2884 expers,
460 2815 485 2866 δι
502 2807 584 2868 adhuc
602 2817 731 2886 protervo

261 2903 348 2958 Cruda
365 2899 473 2955 marito.
732 2930 736 2948 .

649 2986 670 3038 Ε
689 2984 718 3052 iij
