1916 3602
198 281 474 359 ·L1nrn
534 289 564 362 L
695 289 763 364 am

68 391 817 484 Quddsuntquosgenusnocmininejuvat,utpotep1ures

69 490 164 558 culpari
180 496 285 566 dignos.
300 499 434 565 Quemvis
453 499 539 551 medid
558 516 621 552 erue
639 499 733 560 turba,
781 513 813 564 ²5

66 573 113 627 Aut
125 579 157 630 ob
170 581 323 647 avaritiam,
334 598 379 636 aut
393 583 486 650 miseri
500 583 646 637 ambitione
658 585 768 638 laborat.

66 658 111 713 Hic
125 679 261 734 nuptarum
277 667 373 721 insanit
387 668 535 732 amoribus,
546 670 589 722 hic
604 685 767 738 puerorum:

65 742 131 800 Hunc
143 751 212 819 capit
222 752 324 824 argenti
334 753 457 821 splendor
467 773 475 814 ·,
492 754 577 823 stupet
588 755 680 807 Albius
694 771 745 808 aere
757 774 765 809 :

64 831 109 885 Hic
122 851 204 890 mutat
221 855 322 893 merces
337 839 458 910 surgente
472 857 492 898 a
501 841 573 904 sole,
586 843 618 892 ad
633 857 693 892 eum
711 855 781 909 quo·

63 916 205 990 vespertina
219 937 293 992 tepet
306 925 400 995 regio:
414 925 479 994 quin
492 943 540 994 per
553 929 621 978 mala
635 943 763 994 praeceps·
781 939 815 998 30

63 1003 157 1071 Fertur,
170 1011 210 1064 uti
228 1009 319 1078 pulvis
338 1011 462 1064 colled'nm
478 1011 600 1074 turbine,
615 1027 648 1063 ne
666 1011 731 1079 quid

63 1089 158 1146 Summi
174 1097 298 1166 deperdat
316 1109 451 1161 metuens,
466 1111 512 1149 aut
526 1098 637 1166 ampliet
653 1111 683 1148 ut
700 1112 766 1150 tem.

65 1173 155 1233 Omnes
172 1181 201 1232 hi
220 1195 342 1234 metuunt
360 1182 468 1246 versus,
486 1184 565 1236 odere
584 1183 702 1252 poetam.

63 1261 159 1318 frenum
169 1267 247 1320 habet
255 1268 284 1319 in
293 1265 479 1337 cornu,long‘e
489 1267 566 1338 fuge:
577 1268 723 1320 dummodo
734 1265 814 1322 risum
832 1254 834 1266 ¹

63 1347 171 1404 Excutiat
186 1351 237 1406 sibi
247 1392 255 1417 ,
266 1369 322 1404 non
337 1351 381 1403 hic
398 1351 522 1421 cuiquam
538 1367 629 1420 parcet
643 1352 746 1407 amico:
781 1355 811 1420 35

60 1431 88 1486 Et
104 1439 288 1506 quodcumque
307 1437 386 1488 semel
405 1435 501 1489 chartis
520 1435 657 1500 illeverir,
673 1451 767 1490 omnes

54 1517 153 1574 Gestiet
170 1539 184 1574 a
202 1523 282 1574 fanno
301 1523 439 1574 redeuntes
459 1507 523 1572 scire
536 1537 549 1584 ,’
562 1523 692 1590 lacuque,

60 1603 87 1656 Et
97 1623 206 1674 pueros,
217 1609 242 1660 δι
252 1606 452 1676 anus.Agedum
462 1623 545 1675 pauca
558 1607 649 1676 accipe
663 1607 765 1661 contrat.

58 1690 166 1774 Primum
177 1709 228 1765 ego
239 1709 282 1745 me
294 1690 529 1756 illorumdedetin
540 1693 634 1762 quibus
647 1693 700 1746 effe
709 1693 816 1762 poetas,

56 1777 192 1847 Excerparn
204 1795 316 1831 numero
326 1796 332 1829 r
343 1776 512 1846 nequeenim
525 1780 683 1831 concludere
692 1779 808 1830 uersum⁴

59 1863 159 1918 Dixeris
170 1865 221 1918 css'e
232 1864 295 1917 satis
304 1881 313 1923 ;
323 1861 453 1930 neque,si
465 1861 524 1931 quis
536 1863 692 1927 scribat,uri
703 1881 752 1916 nos
761 1903 769 1929 ,
779 1877 813 1926 41

60 1949 173 2004 Sermoni
191 1949 335 2019 propiora,
349 1960 426 2016 putet
444 1947 515 2000 hunc
533 1947 586 2000 effe
602 1963 720 2015 poetam.

59 2035 189 2106 ingenium
206 2035 251 2090 cui
265 2035 315 2100 sit,
329 2033 372 2087 cui
385 2047 461 2086 mens
476 2031 610 2096 divinior,
624 2049 702 2102 atque
717 2049 749 2086 os

58 2120 146 2192 Magna
160 2120 381 2183 sanaturum,des
397 2116 516 2170 nominis
530 2116 609 2184 hujus
623 2119 766 2176 honorem.

58 2205 152 2262 idcirco
171 2207 277 2277 quidam
295 2202 447 2266 comoedia,
461 2217 546 2254 necne
562 2203 659 2270 podria
749 2199 751 2206 ’
778 2209 812 2277 4'5

59 2293 137 2357 Esset,
152 2292 299 2366 quasivero
313 2308 322 2349 ς
338 2285 409 2358 quod
426 2304 484 2340 acer
500 2287 625 2356 spiritus,
642 2289 731 2343 aevis

58 2380 108 2433 Nec
117 2379 220 2443 verbis,
229 2393 278 2430 nec
288 2377 364 2429 rebus
376 2373 458 2433 inest3
469 2372 522 2425 nisi
533 2373 606 2442 qudd
616 2377 681 2443 pede
693 2389 767 2430 certo

58 2464 149 2520 Differt
164 2461 296 2524 sermoni,
306 2461 393 2512 sermo
407 2475 504 2511 merus.
520 2459 557 2512 dr
567 2473 641 2529 patet
655 2465 749 2518 ardens
782 2475 787 2479 ·

59 2551 153 2617 Saevit,
168 2547 241 2619 qudd
259 2544 396 2600 meretrice
409 2559 499 2612 ¹nepos
519 2544 624 2599 insanus
643 2547 730 2600 amica

53 2636 152 2701 iilius,
169 2649 283 2688 uxorem
303 2629 393 2707 grandi
410 2647 471 2682 cum
490 2631 555 2682 dote
570 2621 694 2690 recusem
783 2653 818 2708 ς,

54 2722 144 2776 *Ebrius
159 2725 184 2774 δι
196 2721 337 2788 (magnum
354 2716 426 2784 quod
439 2716 567 2782 dedecus)
579 2717 693 2768 ambulet
708 2728 770 2770 ante

59 2805 165 2860 Noiiem
181 2821 242 2859 curn
255 2803 363 2856 facibus.
374 2799 511 2868 Numquid
522 2799 686 2866 Pomponius
697 2801 754 2854 istis

60 2887 165 2949 audiret
183 2889 307 2953 leuiora,
323 2899 399 2957 pater
416 2885 440 2940 si
457 2885 565 2942 viveret
583 2889 594 2940 ἒ
613 2887 685 2960 Ergo

582 2979 632 3034 lr
