2006 3608
245 231 314 308 238
389 234 812 311 ammanium

248 386 935 459 ·m=‡ssaaffimaesswaemm

328 535 664 622 Ertsrott
715 527 872 622 Xlll

264 715 340 778 AD
383 713 638 777 VINNIUM
673 705 924 776 ASELLAM.

245 860 343 920 Monet
360 875 390 918 ut
399 856 468 938 fisos
481 860 603 941 Augusto
624 861 709 918 libros
728 858 790 918 loco
808 854 939 914 &detetur

554 957 654 1041 offerat.

246 1047 339 1169 Ur
359 1111 570 1181 proficiscentem
589 1113 669 1167 docui
688 1126 716 1166 te
735 1111 823 1179 saepe,
837 1105 927 1172 diuque.

246 1197 365 1266 Augusto
384 1201 474 1251 reddes
494 1201 596 1266 signata
614 1199 759 1253 volumina
772 1231 780 1258 ,
793 1190 888 1250 vinni,

247 1280 277 1331 Si
294 1280 417 1346 validus,
433 1283 457 1336 si
476 1286 552 1336 laetus
572 1285 641 1348 erit,
659 1284 683 1336 si
705 1282 821 1351 denique
839 1275 927 1346 poscett

248 1367 289 1416 Ne
308 1365 393 1420 studio
412 1367 492 1421 nostrl
513 1383 626 1437 pecces,
643 1367 794 1436 odiumque
811 1361 897 1416 libeliis

221 1469 234 1517 5
250 1450 359 1503 Sedulus
379 1451 508 1520 importes
527 1453 609 1524 operi
627 1454 791 1506 vehemente
809 1443 916 1500 minister.
956 1463 957 1496 ῑ

250 1536 278 1586 Si
297 1551 323 1587 te
343 1536 412 1589 forte
431 1553 497 1590 meae
516 1539 604 1608 gravis
623 1552 681 1590 uret
701 1537 804 1590 sarcina
823 1534 918 1586 charta,

250 1619 367 1686 Abjicito
385 1621 496 1690 potitis,
513 1623 611 1691 quaint,
629 1621 683 1693 qud
704 1624 822 1691 perferre
838 1609 928 1684 juberis.

252 1705 370 1758 Clitellas
389 1706 459 1758 letus
478 1706 630 1777 impingas,
646 1708 792 1776 Asinaeque
810 1707 923 1772 pateranusl

255 1794 414 1860 Cognomen
432 1805 521 1844 vertas
541 1792 570 1842 in
589 1791 688 1857 risum,
704 1793 732 1844 δι
747 1791 836 1845 fabula
849 1782 896 1834 fias·
956 1831 957 1834 ,

208 1894 242 1932 ιο
253 1878 361 1932 Viribus
379 1876 462 1928 uteris
481 1893 529 1944 per
547 1878 654 1941 clivos,
673 1877 807 1937 flumina,
825 1874 900 1923 lanas·

255 1963 349 2015 Vidior
367 1959 500 2029 propositi
520 1960 599 2012 simul
618 1979 647 2013 ac
665 1960 822 2030 perveneris
840 1955 908 2009 illuc,
956 1949 957 1978 ³

257 2047 411 2116 Sepositum
429 2047 543 2098 servabis
563 2063 630 2100 onus
650 2067 657 2100 ε
678 2065 711 2099 tre
728 2045 802 2100 'forte
822 2043 864 2096 sub
880 2039 909 2088 all

250 2133 276 2184 ·F
279 2133 420 2186 asciculum
435 2146 524 2200 portes
538 2131 681 2194 librorum,
692 2147 723 2184 ut
738 2132 846 2184 rusticus
859 2131 942 2194 agnum·

260 2219 298 2270 Ur
317 2218 410 2271 vinosa
429 2221 533 2288 glomus
551 2219 656 2270 furtivae
674 2219 787 2287 Pyrrhia
805 2220 881 2272 lauae,

216 2323 245 2374 ¹5
261 2303 298 2354 Ut
316 2317 375 2352 cum
395 2301 496 2368 pileolo
516 2301 599 2352 soleas
618 2302 736 2352 conviva
755 2296 874 2351 tribulis:

262 2385 322 2434 Neu
339 2385 422 2452 vulgo
441 2400 529 2437 narres
549 2398 574 2437 te
592 2383 719 2437 sudavisse
737 2383 845 2436 ferendo
926 2446 930 2458 Ι

263 2466 403 2532 Carmina,
420 2485 477 2536 quae
491 2451 597 2538 poliunt
611 2472 704 2521 oculos
719 2468 844 2536 auresque
857 2466 931 2512 moffifl
956 2495 957 2504 κ

265 2555 384 2610 Caesaris.
403 2554 502 2607 Oratus
520 2554 603 2608 multia
621 2572 698 2623 prece
717 2554 802 2607 nitere
819 2559 906 2620 porro:

263 2642 417 2707 ,trademur
426 2659 434 2696 t
444 2655 508 2696 cave
520 2657 554 2696 ne
565 2640 661 2694 tiutbes
668 2680 676 2706 ‚
683 2643 852 2708 mandataque
860 2632 943 2692 frass8²⁵⁶

618 2788 641 2842 Φ

768 2908 957 2978 ΕΡιετθῑᾸ,
