1980 3614
159 307 208 378 '10'
377 301 736 380 Hortari!

199 424 325 510 mene
341 425 379 510 alt
389 450 483 532 hospes
498 474 507 512 .·
521 471 614 534 neque
628 455 705 514 enim
717 454 741 514 si
752 450 908 536 quidpiam

159 569 196 611 ex
212 552 305 634 aliqua
324 553 397 615 seiia
411 555 499 616 semel
515 555 677 637 proballet,
694 557 772 617 idem
788 556 908 640 semper

159 655 299 736 probabat
309 679 319 731 3
331 657 401 734 sed,
416 680 498 720 more
510 659 652 740 hospitum
664 705 673 734 ‚
686 661 762 741 apud
773 661 908 742 'singulos

158 759 268 820 tamdiu
280 761 491 833 devertebatur,
499 765 634 843 quamdiu
647 762 759 822 libebat.
772 761 814 822 Ita
824 761 906 843 post-

111 923 113 928 ,
159 878 247 942 quam
267 864 350 924 initio
371 885 437 924 cum
455 864 558 926 Stoicis
580 868 612 926 &
634 866 815 926 Academicis
838 860 907 925 serr·

160 961 232 1022 serat
252 964 289 1024 de
307 966 403 1026 divina
421 969 451 1026 in
473 989 518 1027 res
538 969 672 1028 humanas
690 967 873 1048 providentia
894 1013 909 1043 ,

162 1067 295 1128 eamdem
314 1068 392 1131 visus
413 1069 452 1130 est
469 1093 573 1152 negare
591 1093 657 1132 cum
679 1069 825 1152 Epicuro,
843 1067 911 1136 Sat.

166 1191 192 1253 ς.
217 1170 249 1232 L.
277 1190 299 1233 1.
327 1193 413 1254 quam
439 1173 548 1255 scripsit
572 1173 686 1255 juvenis
706 1196 716 1249 ;
740 1176 908 1254 iterumque
986 1229 987 1234 ,

162 1272 233 1336 Ode
251 1295 297 1358 34
312 1277 345 1337 L.
365 1295 386 1337 1.
403 1297 530 1338 errorem
547 1277 631 1338 istum
646 1275 789 1356 ejuravit3
805 1279 838 1340 &
852 1277 908 1350 eal,

163 1378 220 1460 qui
232 1399 283 1460 par
299 1397 359 1440 erat
370 1423 379 1452 ‚
392 1380 531 1462 religione
547 1381 582 1441 de
596 1379 669 1441 Deis
685 1378 842 1458 judicavit,
857 1396 909 1440 ur-

163 1499 233 1564 pote
257 1503 330 1564 quos
354 1483 385 1544 &
407 1484 578 1558 invocaret,
604 1483 822 1563 &precaretur
847 1503 909 1563 pro

163 1583 214 1660 se,
241 1605 295 1665 pro
310 1581 497 1661 Maecenate,
522 1605 576 1666 pro
598 1583 753 1667 Augusto,
776 1585 910 1665 populo·-

164 1709 220 1772 que
236 1688 380 1751 Romano.
398 1689 485 1749 Unde
505 1687 566 1750 satis
585 1688 676 1769 liquet
693 1686 846 1747 Horatium
866 1689 912 1746 ni·

164 1791 205 1852 hil
215 1793 324 1865 minus,
333 1791 418 1874 quim
424 1791 596 1874 Epicureum
607 1790 696 1854 fuille.
709 1791 812 1872 Neque
822 1789 911 1852 obest

165 1897 199 1956 ils
214 1916 278 1980 quae
296 1896 442 1970 diximus,
461 1896 542 1977 quod
560 1893 649 1975 Epist.
667 1914 695 1969 4.
712 1891 746 1953 L.
765 1910 787 1953 1.
803 1891 830 1952 se
852 1915 914 1954 vo-

165 2015 212 2060 cat
225 2001 338 2080 Epicuri
352 2002 384 2059 de
400 2019 474 2082 grege
485 2018 595 2079 porcum
608 2020 617 2058 :
629 1995 699 2056 nilul
714 1997 791 2056 enirn
808 1995 886 2055 abud
900 2040 916 2070 ,

166 2101 253 2184 quim
273 2123 338 2162 curn
359 2099 409 2162 suo
427 2099 548 2162 Tibullo
569 2101 661 2160 ridere
681 2099 796 2174 voluit,
816 2119 848 2159 ac
871 2105 915 2160 si·

166 2205 301 2288 gnificare
322 2205 350 2266 se
369 2208 504 2290 pinguem
524 2193 581 2268 elle
601 2206 634 2266 δι
657 2204 732 2265 bene
751 2202 874 2262 nitidum
899 2219 915 2278 ,’

166 2309 263 2392 quales
281 2324 359 2368 etant
377 2307 526 2388 Epicureae
545 2306 677 2369 dodlrinae
696 2305 856 2367 sedatores.

171 2413 175 2420 ’
204 2411 317 2475 Verium
333 2428 364 2474 ut
382 2413 552 2472 coronidem
564 2413 745 2492 imponamus
761 2410 909 2471 huicnol'-

164 2531 217 2576 trae
239 2513 373 2596 opellae,
401 2513 455 2573 fuit
474 2513 614 2574 Horatius
634 2513 731 2572 brevis
753 2513 785 2573 δι
804 2511 910 2573 obesus

167 2629 292 2706 corpote
303 2662 313 2691 ‚
325 2619 428 2698 ingens
441 2618 473 2676 δι
487 2614 591 2675 subtilis
604 2617 720 2696 ingenio
732 2635 741 2686 ;
752 2614 838 2673 'miles
856 2616 910 2674 im·

166 2721 270 2795 bellis',
284 2737 363 2788 vates
376 2717 517 2779 animosus
530 2741 539 2794 ;
552 2716 643 2778 didius
656 2719 726 2780 Olor
735 2719 911 2793 Venusinus,

167 2846 183 2884 a
198 2824 287 2913 patria
304 2824 335 2884 &
354 2821 452 2884 cantis
468 2819 624 2910 suavitate:
642 2820 750 2878 utinam
764 2820 796 2880 ὃ(
809 2815 911 2886 Oloris

165 2916 337 3000 munditiem
351 2925 471 2991 referret
486 2927 516 2988 in
533 2922 688 3001 omnibus,
707 2942 761 2986 nec
774 2920 801 2984 se
813 2921 911 3009 impu3
979 2993 980 3015 Χ
