1922 3598
234 279 299 351 192
375 264 817 339 Sirrrurnurt

226 381 285 435 Hoc
300 396 385 449 amat,
395 387 447 439 hoc
462 391 566 452 laudam
577 393 730 444 Matronam
745 392 841 442 nullam
852 388 949 453 egnrrrg

180 481 210 535 55
226 470 265 521 Ut
281 473 415 540 quondam
431 475 556 530 Marsaeus
574 487 678 535 amaror
694 474 817 545 Originis
829 508 835 536 -‚
847 471 883 524 ille

226 555 281 622 Qui
295 555 409 625 patrium
424 561 514 613 mimae
528 563 609 614 donat
623 561 787 630 fundumque
799 561 916 624 laremquer

224 645 271 697 Nil
282 642 361 714 suerit
372 645 426 708 mi,
435 645 539 715 inquit,
549 659 609 700 cum
622 646 753 699 uxoribus
764 659 876 713 umquam
884 633 943 689 died*

223 729 324 784 verum
339 726 450 782 est'cum
466 731 556 784 mimis
566 773 572 796 ,
582 732 619 784 est
633 748 694 784 cum
709 721 934 786 meretricibns‚unle

223 814 300 870 Fama
311 818 409 868 malum
421 819 528 886 gravius
537 859 544 882 ,
552 817 631 887 quim
643 817 798 880 remerahit.
806 816 844 866 An
852 808 940 864 tibiali

174 903 210 956 60
222 900 365 955 Personam
381 904 441 956 satis
459 905 511 968 est,
524 919 580 957 non
594 905 661 958 illud
676 901 805 972 quidquid
816 900 895 968 ubique

221 986 330 1053 Officit,
343 988 443 1042 evirare
458 993 468 1042 ἓ
486 989 587 1043 Bonam
605 990 747 1058 deperdere
764 989 868 1048 sarnam,

219 1069 285 1127 Rem
295 1075 377 1142 patris
387 1076 514 1128 oblimare
522 1117 529 1140 ‚
536 1078 636 1129 malum
643 1073 679 1127 est
686 1073 851 1142 ubicumque.
858 1067 911 1137 Quid
916 1065 932 1118 iu
942 1098 946 1105 ,

217 1154 299 1208 estin
317 1175 455 1225 matrona,
471 1162 582 1225 ancilla,
598 1160 726 1229 pectesve
742 1161 851 1228 togata?

216 1239 314 1294 Villius
331 1244 361 1296 in
376 1246 480 1310 Fausta,
492 1248 571 1299 Sullae
587 1245 745 1316 gener,hoc
762 1245 893 1296 miserum

168 1339 199 1405 ὅς
209 1327 333 1382 'Nomine
351 1333 489 1400 deceptuS,
502 1347 596 1400 poenas
611 1330 684 1383 dedit
699 1330 798 1398 usque,
809 1331 914 1400 superque

214 1411 301 1478 Quim
319 1417 380 1469 saris
397 1417 448 1480 est,
461 1419 555 1487 pugnis
571 1417 667 1480 cesus,
680 1416 806 1486 ferroque
821 1416 913 1485 peritus,

161 1531 163 1536 ·
212 1498 340 1554 Exclusus
355 1503 429 1567 sore,
443 1520 525 1572 quum
542 1503 713 1571 Longarenus
729 1503 800 1555 soret
816 1501 886 1554 intus.

212 1583 279 1636 Huic
296 1586 319 1638 si
337 1587 455 1641 mutonis
471 1587 560 1640 verbis
578 1589 646 1639 mala
662 1601 736 1639 tanta
752 1587 852 1640 videnti

211 1669 320 1728 Diceret
333 1674 389 1724 lraec
402 1673 521 1728 animus:
532 1672 605 1740 Quid
617 1671 661 1724 vis
675 1672 725 1724 ribi
736 1671 878 1741 inumquid
888 1679 938 1738 egor

163 1781 199 1832 70
212 1753 313 1824 Magno
328 1774 488 1828 prognatum
502 1759 617 1828 deposco
633 1757 744 1810 consule
758 1773 880 1818 cunnum.

209 1839 385 1912 velatumque
403 1845 486 1910 stole,
501 1863 560 1899 mea
576 1861 658 1915 quum
675 1844 824 1898 conferbuit
839 1843 893 1894 ira?

123 1926 127 1959 ³
156 1915 158 1921 ’
208 1927 282 1993 Quid
297 1930 466 1998 responderet
478 1934 488 1986 ἓ
501 1932 602 2001 Magno
618 1942 692 1999 parre
706 1945 768 1982 nata
782 1933 864 2000 puella
875 1927 913 1981 el.

206 2017 242 2066 At
258 2031 358 2086 quanto
374 2017 484 2070 meliora
500 2031 607 2078 monet,
621 2015 820 2085 pugnantiaque
834 2014 882 2068 istis

206 2100 292 2155 Dives
311 2103 371 2172 opis
389 2119 479 2156 natura
498 2103 549 2154 suae
565 2101 575 2154 ,²
592 2101 635 2154 Tu
651 2101 674 2153 si
690 2101 774 2155 modd
790 2101 857 2155 redd

157 2209 189 2262 75
206 2183 362 2254 Dispensare
380 2187 464 2254 velis,
478 2205 507 2241 ac
521 2205 578 2240 non
594 2187 716 2258 fugienda
731 2189 851 2257 petendis

205 2271 370 2340 immiscere,
387 2291 434 2327 tuo
450 2273 538 2336 vitio,
555 2288 677 2326 rerumne
695 2275 815 2338 labores,

202 2356 248 2408 Nil
266 2359 361 2412 referre
378 2375 454 2428 putas
470 2364 480 2414 ?
496 2361 601 2426 Quare,
617 2375 651 2410 ne
667 2358 798 2426 poeniteat
814 2375 856 2426 te,

200 2442 301 2494 Desine
319 2449 453 2498 matronas
472 2445 614 2504 sestarier3
629 2446 698 2497 unde
714 2446 814 2498 laboris

200 2533 261 2586 Plus
277 2531 380 2584 haurire
395 2531 458 2584 mali
472 2530 523 2595 est,
534 2529 613 2599 quim
627 2547 662 2584 ex
675 2548 704 2582 re
719 2533 857 2602 decerpere
870 2523 944 2581 studit

152 2625 187 2676 80
198 2623 255 2674 Nec
266 2619 349 2692 magis
359 2619 436 2681 huic,
446 2618 515 2669 inter
526 2617 623 2670 niveos
634 2616 784 2688 viridesque
794 2619 895 2688 lapillos

199 2703 940 2773 (Sitlicethoc,Cerinthe,tuum)tenerumestsemur,autcr

198 2795 304 2848 Restius
317 2812 325 2853 ς
338 2807 416 2860 atque
429 2789 510 2844 ‘etiam
525 2789 619 2843 melius
633 2790 750 2858 persepe
765 2805 868 2862 togata.

197 2882 269 2935 Adde
282 2881 332 2932 huc
341 2917 348 2944 ,
358 2874 430 2948 quod
442 2891 556 2930 mercem
569 2874 626 2928 sine
636 2875 703 2930 sucis
715 2877 811 2949 gestat:
824 2873 906 2946 aperti

777 2995 781 3002 ·
833 2967 907 3040 Quod
