1916 3602
108 318 528 404 ‘'Lturnl.
665 347 731 422 ¹97

44 431 95 496 idec
110 462 147 500 tes
165 450 189 504 δι
204 452 307 527 jungit,
323 455 428 524 junsios
448 455 474 507 δι
491 454 577 508 servat
597 451 708 508 amicos.

43 525 128 585 druos
145 537 253 594 virtutes
274 542 343 610 ipsas
362 541 539 603 invertimus,
556 547 635 608 atque
747 535 778 595 ii

42 613 156 676 Sincerunt
175 625 298 696 cupimus
316 645 363 680 vas
382 625 531 680 incrustare.
552 624 653 676 Probus
673 621 734 692 quis

25 697 159 760 *Nobiscum
178 711 269 777 vivit,
283 715 393 766 multum
413 709 536 765 dernifl'us
553 710 659 762 homo:
676 706 716 760 illi
789 761 794 768 ,

40 785 107 841 'sardo
121 809 149 846 tc
160 811 314 866 cognomen
327 797 419 868 pingui
432 797 533 850 damus.
544 795 596 846 Hic
609 793 676 863 fugit
689 807 784 847 ornnes

40 871 140 941 Insidias,
155 883 276 952 nullique
295 881 368 936 malo
386 886 454 936 latus
472 882 547 934 obdit
566 893 706 950 apertumt

40 959 109 1024 Quum
126 982 207 1034 genus
226 969 281 1020 hoc
299 969 368 1020 inter
384 968 447 1021 vitae
462 967 596 1030 versetur,
607 965 652 1018 ubi
669 963 736 1017 acris
747 957 784 1009 60

39 1042 118 1102 Invidia
125 1090 131 1114 ,
138 1068 217 1122 atque
229 1055 325 1124 vigent
335 1055 380 1106 ubi
391 1054 514 1108 crimina:
525 1069 575 1122 pro
585 1052 652 1104 bene
662 1051 739 1113 sano,

39 1130 68 1182 dc
83 1149 128 1187 non
145 1137 275 1203 incauto,
291 1138 382 1192 fidium
399 1138 563 1208 astutumque
577 1149 718 1190 vocamus.

43 1214 167 1285 Simplicior
182 1225 247 1294 quis
265 1227 292 1276 δι
305 1225 341 1277 est
352 1226 473 1294 (qualem
487 1241 530 1276 me
544 1224 612 1291 saepe
625 1225 739 1276 libenter

41 1301 165 1362 Obtulerim
184 1310 255 1374 tibi,
266 1311 415 1377 Mecenas)
432 1325 461 1362 ut
479 1310 548 1362 forte
567 1311 719 1379 legentem,

40 1388 79 1441 lut
89 1394 189 1449 tacitum
205 1397 343 1464 impellat,
352 1396 450 1464 quovis
463 1396 585 1447 sermone
597 1393 737 1446 molestus:
748 1389 782 1459 65

41 1471 162 1533 Communi
180 1481 260 1534 sensu
276 1479 354 1549 plani
369 1495 455 1540 caret,
469 1479 617 1548 inquimus.
631 1481 719 1548 Eheu,

41 1557 107 1622 Quint
116 1565 216 1620 temere
227 1565 255 1618 in
262 1566 367 1619 nosmet
374 1569 458 1636 legem
468 1566 598 1619 sancimus
607 1567 742 1636 iniquam!

38 1644 88 1699 Nan
97 1651 172 1704 vitiis
184 1669 267 1705 nemo
279 1653 336 1704 sine
348 1653 461 1705 nascitur
470 1667 477 1701 τ
487 1653 605 1720 optimus
617 1653 661 1705 ille
673 1652 726 1718 est,

39 1730 79 1795 Qui
87 1737 202 1790 minimis
212 1737 438 1808 urgetur.Anticus
448 1737 571 1799 dulcitur
578 1751 682 1806 aequunt
693 1737 740 1800 esi,

39 1816 91 1874 Crrn
104 1841 162 1878 mea
178 1825 333 1893 compenset
345 1823 419 1875 vitiis
431 1825 500 1875 bona
510 1823 628 1891 pluribus
639 1823 726 1889 hisce,
751 1833 788 1886 7ο

39 1903 72 1968 (Si
82 1908 160 1963 modis
173 1912 249 1977 plura
260 1909 326 1962 mihi
338 1909 406 1962 bona
418 1907 495 1975 sunt)
506 1907 629 1970 inclinet,
638 1908 722 1962 amati

39 1989 60 2039 Si
71 1997 140 2047 volet
152 2014 161 2054 ·‚
176 1997 226 2046 hac
240 1997 299 2064 lege
316 1993 345 2046 in
359 1995 457 2047 trutina
473 2007 589 2062 ponetur
602 1995 703 2050 eadem.

38 2074 96 2141 Qui,
108 2097 141 2132 ne
160 2079 293 2132 tuberibus
312 2077 430 2148 propriis
449 2075 566 2129 offendat
584 2077 715 2144 amicum,

38 2158 154 2230 Postulat,
170 2165 292 2235 ignoscat
309 2164 428 2217 verrucis
447 2161 530 2215 illius.
551 2161 667 2232 AEquum
685 2165 722 2218 est

37 2244 138 2304 Peccatis
156 2251 264 2304 veniam
283 2251 456 2318 poscentem,
472 2248 579 2300 reddere
597 2249 696 2306 rursus.
751 2269 785 2320 75

37 2331 160 2405 Denique,
172 2352 301 2405 quatenus
316 2335 403 2388 excidi
418 2333 526 2402 penitus
540 2333 638 2388 vitium
654 2335 715 2403 itte,

37 2419 119 2474 Cetera
136 2421 199 2476 item
217 2437 351 2492 nequeunt
367 2419 452 2472 stultis
466 2419 592 2474 haerentie
602 2439 611 2482 3
623 2439 669 2480 cur
685 2441 742 2478 nott

35 2501 182 2562 Ponderibus
197 2507 362 2575 modulisque
376 2504 429 2556 suis
442 2503 511 2558 ratio
523 2507 627 2562 utitur?
641 2525 685 2572 nc,
698 2525 740 2563 ret

35 2589 65 2641 Ut
81 2610 189 2664 queque
207 2591 258 2657 est,
271 2593 308 2646 ita
325 2585 467 2660 suppliciis
480 2589 575 2644 delicia
593 2593 721 2648 coircerl

35 2673 58 2724 Si
70 2677 125 2745 quis
138 2696 199 2732 eunt
212 2678 333 2740 servum,
345 2675 463 2744 patinam
478 2675 524 2745 qui
537 2678 635 2729 tollere
644 2677 739 2744 jussus,
753 2682 789 2734 80

36 2759 143 2818 Semesos
160 2764 244 2832 pisces
264 2763 435 2832 tepidumque
453 2760 597 2832 ligurrierit
614 2761 676 2829 jus,

36 2844 62 2895 ln
77 2865 148 2903 cruce
166 2851 286 2922 suffigat,
302 2849 425 2900 Labeone
444 2844 563 2899 insanior
580 2846 651 2902 inter

35 2929 109 2989 sinos
127 2936 233 2992 dicatur.
252 2935 362 3004 Quanto
380 2931 432 2986 lroc
450 2928 597 2995 firriosius,
614 2945 696 3004 ttqtte
726 2953 732 2962 ·

486 3072 489 3076 .
533 3025 546 3077 1
564 3021 596 3093 iii
