2006 3608
234 319 302 415 328
425 329 514 400 Da
568 321 753 402 ΑΜΕ
961 411 962 456 ἢ

168 450 216 506 ¹03
231 446 285 500 Aur
299 449 464 520 dormitabo,
478 467 522 507 aut
538 454 639 509 ridebo.
653 453 745 506 Tristia
762 446 882 502 moestum
961 461 962 466 ¹

229 532 340 586 Vultum
353 539 433 590 verba
446 539 538 592 decent
550 557 559 599 s
573 540 667 592 iratum
683 542 759 608 piena
773 536 899 588 minarum

230 617 375 674 ludentem
389 621 506 684 lascivas
520 625 641 678 severum
657 623 722 678 seria
736 621 817 675 disin.
962 610 963 622 ³

229 705 337 758 Formet
349 707 422 760 enim
433 710 531 764 Natura
543 710 615 779 prids
628 727 678 762 nos
689 712 763 763 intus
776 709 808 759 ad
819 713 917 759 omnen

229 790 403 847 Fortunarum
415 795 532 848 habitum
540 814 548 856 ;
556 795 689 864 juvat,aut
698 793 816 862 impellit
828 793 858 844 ad
868 791 934 846 iratur
963 815 964 820 =

164 882 220 926 ato
230 878 283 930 Aut
294 881 326 931 ad
335 879 444 932 humum
457 897 572 934 moerore
583 881 659 950 gravi
671 880 792 942 deducit,
803 881 829 930 δι
840 875 917 946 angit:

231 959 291 1014 Pbsi
305 961 382 1016 effert
399 964 482 1018 animi
499 981 588 1019 motus
606 967 752 1032 interprete
769 963 867 1033 lingui.
964 1021 965 1026 ἵ

230 1048 258 1100 Si
275 1049 385 1102 dicentis
402 1066 478 1103 erunt
494 1051 607 1104 fortunis
625 1053 723 1104 absona
741 1049 830 1113 dista,

230 1131 344 1188 Romani
360 1138 456 1188 tollent
470 1138 573 1204 equites
589 1137 743 1206 peditesque
760 1135 915 1188 cachinnum.

230 1218 351 1273 intererit
366 1223 479 1274 multum
492 1221 612 1275 Divusne
626 1224 755 1290 loquatur
769 1237 804 1272 an
818 1222 891 1272 heros
899 1234 909 1276 s
965 1221 966 1224 ’

172 1315 220 1370 ιη
236 1304 390 1359 Maturusne
404 1307 499 1372 senex,
510 1323 544 1360 an
558 1309 640 1360 adhuc
656 1307 774 1359 florente
791 1304 895 1373 juventi

127 1459 132 1468 Ι
230 1388 373 1451 Fervidust
387 1407 420 1444 an
432 1407 551 1446 matrona
566 1407 677 1462 potens,
687 1407 722 1444 an
736 1393 828 1444 sedula
841 1388 932 1444 nutriri

230 1473 397 1530 Mercatotne
413 1493 514 1547 vagus,
528 1481 649 1531 cultorne
663 1477 781 1530 virentis
798 1476 874 1548 agelli
884 1491 894 1534 ς

230 1561 347 1613 Colchus
362 1577 395 1614 an
407 1561 526 1632 Assyrius
536 1602 545 1626 ,
555 1562 653 1615 Thebis
668 1563 787 1615 nutritus
801 1580 835 1615 an
848 1559 921 1630 Argis.

229 1645 282 1696 Aur
293 1645 389 1698 samam
402 1649 525 1716 sequere,
536 1662 580 1700 aur
595 1647 645 1700 sibi
659 1647 853 1700 convenientia
864 1645 933 1712 finge.

165 1736 220 1778 azo
229 1730 357 1798 Scriptor.
366 1733 537 1785 Homeraeum
551 1733 575 1785 si
589 1731 658 1786 forts
670 1734 782 1798 reponis
797 1731 927 1789 Achillen,

229 1818 362 1888 Impiger,
381 1817 540 1882 iracundus,
558 1817 751 1882 inexorabilis,
773 1836 851 1882 acer,

228 1904 292 1958 Jura
306 1917 384 1972 neget
399 1902 452 1956 sibi
466 1919 544 1965 nata,
557 1903 623 1956 nihil
639 1920 696 1955 non
710 1920 820 1975 arroget
835 1900 912 1956 armis.

231 1987 270 2040 Sit
288 1989 382 2042 Medea
398 1988 475 2042 seror
491 1987 645 2058 invisiaque
658 2028 665 2052 ,
679 1989 777 2042 flebilis
795 1991 867 2054 ino,

229 2073 346 2128 Perfidus
361 2073 455 2136 ixion,
468 2075 499 2126 lo
513 2089 597 2142 vaga,
612 2073 692 2125 tristis
709 2074 831 2128 Orestes.

168 2165 217 2219 125
229 2159 258 2212 Si
276 2157 339 2228 quid
356 2159 524 2228 inexpertum
542 2158 624 2211 scenae
642 2159 812 2224 committis,
829 2161 855 2214 δι
870 2155 934 2210 audes

229 2245 371 2298 Personam
386 2246 501 2298 formare
517 2259 633 2308 trovam,
648 2245 770 2297 servetur
787 2247 821 2298 ad
838 2245 912 2296 imum

228 2329 324 2396 Qualis
342 2331 373 2384 ab
387 2331 495 2400 incepto
511 2329 679 2398 processerit,
694 2331 785 2383 &sibi
801 2329 904 2384 constet.

228 2417 344 2470 Difficile
359 2415 395 2468 est
409 2414 517 2484 proprie
532 2416 683 2468 communia
697 2415 783 2468 dicere
795 2435 803 2476 ·,
819 2429 896 2483 tuque

228 2501 337 2555 Restitis
352 2501 461 2554 Iliacum
480 2517 589 2557 carmen,
601 2500 705 2553 deducis
723 2501 751 2552 in
768 2501 861 2564 asius,

165 2595 220 2654 1130
230 2587 318 2654 Qudm
335 2586 358 2639 si
375 2587 505 2654 proferres
522 2586 614 2655 ignota
632 2585 780 2655 indictaque
797 2587 905 2656 primus.

231 2673 338 2728 Publica
355 2671 477 2724 materies
495 2671 592 2739 privari
610 2669 675 2736 juris
692 2670 760 2735 erit,
777 2671 801 2725 si

230 2761 287 2812 Nec
304 2759 371 2810 circa
388 2756 470 2809 vilem
487 2759 656 2824 patulumque
676 2757 818 2808 moraberis
836 2755 932 2808 orbetai

231 2845 287 2895 Nec
302 2845 413 2896 verbum
429 2843 513 2894 verbo
531 2841 631 2893 curabis
649 2843 754 2893 reddere
771 2841 840 2893 fidus

230 2930 383 3000 iuterpress
398 2935 447 2982 n'ec
463 2925 568 2984 desilies
586 2924 705 2981 imitator
722 2925 749 2978 in
767 2927 881 2988 arctum,
