2006 3608
167 641 569 728 Eprsnone
620 633 677 723 X.

83 812 165 880 fiet>
208 822 431 883 forcone
469 811 753 880 ermetem.

64 957 199 1043 Rusticani
216 967 309 1028 vitam
323 986 378 1047 pm
394 967 499 1028 urbana
515 964 630 1031 laudat,
640 977 671 1020 ut
685 971 787 1020 natum

177 1067 273 1148 magis
293 1065 517 1146 consentaneam,
537 1064 565 1124 δ’
584 1062 672 1144 magis

295 1168 411 1225 amitam
433 1167 561 1226 libertati.
613 1167 616 1174 '

67 1247 220 1372 'Unus
240 1333 387 1373 amatorem
405 1320 518 1375 Fuscum
536 1319 638 1372 salvere
656 1313 779 1382 jubemus

67 1393 141 1451 Ruris
160 1418 298 1458 amatores
315 1423 325 1464 ;
343 1406 392 1458 hac
411 1405 441 1458 in
458 1423 487 1458 re
507 1403 607 1456 scilicet
624 1417 677 1454 una

66 1478 181 1539 Multum
201 1489 367 1554 dissimiles,
385 1503 411 1542 at
429 1504 516 1542 cetera
534 1503 603 1556 pene
622 1481 752 1556 gemelli:

67 1564 194 1625 Fraternis
213 1573 313 1627 animis
331 1573 459 1644 quidquid
477 1585 556 1642 negat
571 1573 651 1633 alter,
668 1568 694 1620 δι
708 1569 790 1628 alten

67 1651 216 1711 «innuimus
236 1658 360 1728 pariter:
379 1657 464 1710 veruli
484 1655 596 1724 notique
615 1652 753 1717 columbi,
822 1662 835 1716 ς

68 1735 109 1788 Tu
126 1739 221 1795 nidum
242 1744 332 1797 servas
345 1762 354 1804 ·,
369 1759 421 1812 ego
440 1743 518 1794 laudo
538 1741 607 1793 ruris
627 1737 728 1792 amoeni

69 1820 155 1877 Rivos
166 1865 174 1890 ,
187 1828 215 1880 δι
232 1828 323 1882 museo
343 1826 489 1880 circumlita
508 1826 585 1889 saxa,
604 1823 759 1890 nemusque.

68 1905 139 1971 Quid
155 1911 256 1981 quaeris
268 1915 280 1968 l
293 1912 363 1966 vivo
377 1913 404 1965 ἃ
414 1928 512 1982 regno,
526 1911 605 1963 simul
622 1910 668 1962 illa
685 1904 794 1974 reliqui.

72 1989 136 2056 Qu&
155 2014 208 2054 vos
230 1999 262 2050 ad
280 1999 379 2050 coelum
398 1997 498 2050 effertis
517 2013 625 2049 rumore
643 1994 767 2046 secundo.

71 2072 157 2148 thue
176 2082 322 2138 sacerdotis
340 2082 491 2152 fugitivus,
507 2081 560 2134 liba
579 2080 673 2132 recuso
689 2097 698 2138 ς
806 2085 841 2129 to

72 2159 139 2216 Pane
155 2185 225 2240 egeo
244 2167 298 2234 iam
317 2167 426 2219 mellitis
446 2165 554 2232 potiore
573 2161 713 2231 placentie.

72 2245 168 2306 Vivere
185 2256 297 2307 Nature
317 2251 341 2304 si
361 2249 555 2304 convenienter
574 2259 701 2315 oportet,

73 2329 259 2408 Ponendaeque
276 2340 359 2390 domo
376 2335 515 2403 querenda
532 2332 569 2386 est
585 2349 644 2385 areo
660 2332 775 2400 primirm
785 2337 798 2396 ,'

73 2418 213 2478 Novistine
231 2426 323 2476 locum
342 2421 478 2489 potiorem
498 2435 558 2470 rure
576 2419 683 2472 beato?

73 2503 112 2557 Est
129 2510 176 2563 ubi
197 2512 257 2578 plus
275 2520 384 2576 repeant
401 2505 514 2574 hyemes
528 2502 599 2556 lubi
617 2503 717 2574 gratior
733 2511 837 2563 auran

74 2589 165 2649 Leniat
185 2593 327 2649 &rabiem
346 2587 444 2653 emis,
462 2589 488 2641 δι
505 2604 641 2642 momenta
659 2588 774 2651 Leonis,

74 2677 161 2742 Quum
179 2680 259 2734 semel
277 2674 379 2744 accepit
393 2675 478 2728 solem
493 2673 650 2728 furibundus
665 2675 793 2727 acutum?

74 2761 114 2814 Est
131 2767 177 2819 ubi
195 2765 305 2818 divellat
323 2761 432 2814 somnos
451 2758 539 2812 mimis
558 2757 650 2811 invida
668 2761 756 2813 cura?

75 2846 201 2905 Deteribs
217 2847 325 2918 Libycis
341 2848 415 2907 olet,
429 2858 475 2896 aut
493 2843 561 2895 niter
577 2843 656 2896 herba
672 2843 792 2911 lapillis?

76 2930 170 2992 burior
186 2937 216 2992 io
230 2933 299 2992 vicis
317 2947 384 3004 aqua
401 2927 486 2984 tendit
503 2941 626 3001 rumpere
640 2928 792 3000 plumbum,
806 2941 843 2991 πο
