2058 3610
179 307 251 378 ιω
339 295 732 372 emamuuuu

408 439 656 494 Houuatuu

249 547 340 614 Quid,
357 549 380 602 si
399 552 482 620 prisca
500 552 567 605 redit
582 553 695 613 Venus,

176 632 357 702 Didutiosque
375 633 438 706 jugo
458 637 530 706 cogit
549 637 651 688 aheneo
670 637 681 686 t

248 718 277 770 si
295 715 365 770 ssa'va
383 722 516 774 excutitur
535 720 638 784 Chloe,

131 819 165 856 20
177 801 343 873 Rejeiiaeque
362 820 434 874 patet
452 805 529 872 janua
546 803 665 874 Lydiae?

456 919 612 970 Lunam

249 1032 415 1100 Quamquam
435 1029 519 1082 sidere
538 1027 674 1098 pulchrior

177 1117 224 1168 Ille
243 1115 298 1178 est,
315 1129 344 1166 tu
362 1114 450 1166 levior
468 1113 587 1176 cortice,
603 1113 630 1164 &
646 1110 770 1178 improbo

249 1198 404 1252 iracundior
423 1197 521 1262 Adria,

177 1287 279 1338 Tecum
295 1283 390 1336 vivere
408 1299 513 1347 amem,
529 1295 618 1335 tecum
636 1282 729 1334 obeam
747 1279 843 1336 libens.

181 1391 913 1488 u=====aemoess=====a'

280 1557 663 1647 CARMEN
732 1559 788 1646 X

360 1739 443 1798 AD
493 1739 710 1799 arcam

202 1884 244 1944 Ut
253 1881 348 1964 positi
360 1884 474 1954 duritie,
488 1882 584 1961 aliqud
596 1883 682 1963 ipsius
695 1879 873 1960 mifiricordid

433 1999 452 2057 Ἰ
469 1976 600 2054 capiatur.

182 2060 238 2182 E
248 2145 270 2183 x
281 2143 299 2181 τ
309 2145 327 2180 u
336 2143 353 2180 a
363 2142 389 2180 Μ
399 2143 419 2181 u
429 2142 455 2180 M
473 2127 583 2180 Tanaim
602 2127 625 2184 si
643 2128 743 2180 biberes
756 2167 765 2193 ,
782 2129 855 2198 Lyce
865 2132 876 2196 ,“

181 2215 259 2266 Saevo
279 2228 360 2282 nupta
378 2213 460 2276 viro,
478 2229 521 2264 me
538 2228 626 2266 tamen
646 2212 747 2280 asperas

182 2299 334 2352 Portestum
353 2311 412 2351 ante
431 2298 501 2350 fores
521 2297 634 2362 objicere
652 2297 748 2350 incolis

290 2383 409 2435 Plotares
426 2381 610 2450 Aquilonibus.

157 2477 167 2529 5
182 2468 263 2521 Audis
282 2485 336 2536 quo
354 2466 461 2534 strepitu
479 2466 574 2532 janua,
591 2483 645 2536 quo
662 2484 757 2521 nemus

181 2557 253 2606 Inter
270 2553 378 2622 pulchra
397 2552 477 2604 situm
496 2551 564 2604 tedia
581 2553 711 2622 remugiat

181 2639 306 2692 Ventis?
325 2638 468 2706 &positas
487 2651 517 2688 ut
534 2638 628 2706 glaciet
646 2638 724 2692 nives

291 2725 360 2776 Puro
379 2722 486 2776 numine
503 2721 629 2788 Jupiter?

183 2813 313 2880 ingratam
330 2805 431 2860 Veneri
450 2821 521 2874 pone
539 2804 704 2872 superbiam,

139 2908 173 2947 10
183 2899 223 2951 Ne
244 2908 363 2952 currente
382 2905 453 2950 tetro
472 2889 543 2944 funis
561 2904 604 2944 eat
621 2889 691 2944 tota.
