<?xml version="1.0" encoding="UTF-8"?>
<!DOCTYPE html PUBLIC "-//W3C//DTD XHTML 1.0 Transitional//EN"
    "http://www.w3.org/TR/xhtml1/DTD/xhtml1-transitional.dtd">
<html xmlns="http://www.w3.org/1999/xhtml" xml:lang="en" lang="en">
 <head>
  <title>
</title>
<meta http-equiv="Content-Type" content="text/html;charset=utf-8" />
  <meta name='ocr-system' content='tesseract 3.04.00' />
  <meta name='ocr-capabilities' content='ocr_page ocr_carea ocr_par ocr_line ocrx_word'/>
</head>
<body>
  <div class='ocr_page' id='page_1' title='image "./quintihoratiifl00prgoog_0292.png"; bbox 0 0 2006 3608; ppageno 0'>
   <div class='ocr_carea' id='block_1_1' title="bbox 213 299 785 411">
    <p class='ocr_par' dir='ltr' id='par_1_1' title="bbox 213 299 785 411">
     <span class='ocr_line' id='line_1_1' title="bbox 213 299 785 411; baseline -0.003 -21"><span class='ocrx_word' id='word_1_1' title='bbox 213 299 494 390; x_wconf 63' lang='lat' dir='ltr'>¹irritu</span> <span class='ocrx_word' id='word_1_2' title='bbox 552 319 581 390; x_wconf 85' lang='lat'>1.</span> <span class='ocrx_word' id='word_1_3' title='bbox 718 313 785 411; x_wconf 87' lang='lat'>287</span> 
     </span>
    </p>
   </div>
   <div class='ocr_carea' id='block_1_2' title="bbox 54 438 882 2053">
    <p class='ocr_par' dir='ltr' id='par_1_2' title="bbox 56 438 724 515">
     <span class='ocr_line' id='line_1_2' title="bbox 56 438 724 515; baseline -0.001 -17"><span class='ocrx_word' id='word_1_4' title='bbox 56 438 216 498; x_wconf 76' lang='lat' dir='ltr'>Confestim</span> <span class='ocrx_word' id='word_1_5' title='bbox 234 441 351 515; x_wconf 87' lang='lat' dir='ltr'>liquidus</span> <span class='ocrx_word' id='word_1_6' title='bbox 368 442 488 499; x_wconf 74' lang='lat' dir='ltr'>Fortuna</span> <span class='ocrx_word' id='word_1_7' title='bbox 507 444 583 497; x_wconf 87' lang='lat' dir='ltr'>rivus</span> <span class='ocrx_word' id='word_1_8' title='bbox 601 441 724 497; x_wconf 83' lang='lat' dir='ltr'>inauret:</span> 
     </span>
    </p>

    <p class='ocr_par' dir='ltr' id='par_1_3' title="bbox 54 529 882 2053">
     <span class='ocr_line' id='line_1_3' title="bbox 54 529 835 602; baseline -0.008 -18"><span class='ocrx_word' id='word_1_9' title='bbox 54 531 115 584; x_wconf 84' lang='lat' dir='ltr'>vel</span> <span class='ocrx_word' id='word_1_10' title='bbox 137 531 202 600; x_wconf 87' lang='lat' dir='ltr'>quia</span> <span class='ocrx_word' id='word_1_11' title='bbox 220 546 342 586; x_wconf 83' lang='lat' dir='ltr'>naturam</span> <span class='ocrx_word' id='word_1_12' title='bbox 361 547 460 585; x_wconf 85' lang='lat' dir='ltr'>mutare</span> <span class='ocrx_word' id='word_1_13' title='bbox 479 529 590 602; x_wconf 84' lang='lat' dir='ltr'>pecunia</span> <span class='ocrx_word' id='word_1_14' title='bbox 609 529 711 594; x_wconf 85' lang='lat' dir='ltr'>nescit,</span> <span class='ocrx_word' id='word_1_15' title='bbox 803 532 835 578; x_wconf 70' lang='grc' dir='ltr'>ιο</span> 
     </span>
     <span class='ocr_line' id='line_1_4' title="bbox 54 615 727 686; baseline 0.003 -18"><span class='ocrx_word' id='word_1_16' title='bbox 54 618 116 682; x_wconf 76' lang='lat' dir='ltr'>Vel</span> <span class='ocrx_word' id='word_1_17' title='bbox 137 616 201 686; x_wconf 88' lang='lat' dir='ltr'>quia</span> <span class='ocrx_word' id='word_1_18' title='bbox 218 617 312 670; x_wconf 69' lang='lat' dir='ltr'>cunsln</span> <span class='ocrx_word' id='word_1_19' title='bbox 332 633 406 684; x_wconf 84' lang='lat' dir='ltr'>putas</span> <span class='ocrx_word' id='word_1_20' title='bbox 425 618 476 670; x_wconf 75' lang='lat' dir='ltr'>uni</span> <span class='ocrx_word' id='word_1_21' title='bbox 494 619 594 669; x_wconf 86' lang='lat' dir='ltr'>virtute</span> <span class='ocrx_word' id='word_1_22' title='bbox 613 615 727 670; x_wconf 84' lang='lat' dir='ltr'>minora.</span> 
     </span>
     <span class='ocr_line' id='line_1_5' title="bbox 55 701 713 770; baseline -0.008 -14"><span class='ocrx_word' id='word_1_23' title='bbox 55 703 197 756; x_wconf 82' lang='lat' dir='ltr'>Miramur</span> <span class='ocrx_word' id='word_1_24' title='bbox 216 701 241 754; x_wconf 89' lang='lat' dir='ltr'>si</span> <span class='ocrx_word' id='word_1_25' title='bbox 258 702 408 754; x_wconf 84' lang='lat' dir='ltr'>Democriti</span> <span class='ocrx_word' id='word_1_26' title='bbox 426 719 506 770; x_wconf 89' lang='lat' dir='ltr'>pecus</span> <span class='ocrx_word' id='word_1_27' title='bbox 526 701 579 754; x_wconf 86' lang='lat' dir='ltr'>edit</span> <span class='ocrx_word' id='word_1_28' title='bbox 597 702 713 770; x_wconf 80' lang='lat' dir='ltr'><strong>agellos,</strong></span> 
     </span>
     <span class='ocr_line' id='line_1_6' title="bbox 57 784 836 856; baseline -0.01 -16"><span class='ocrx_word' id='word_1_29' title='bbox 57 788 272 856; x_wconf 84' lang='lat' dir='ltr'>Cultaque‚dum</span> <span class='ocrx_word' id='word_1_30' title='bbox 280 801 389 856; x_wconf 82' lang='lat' dir='ltr'>peregre</span> <span class='ocrx_word' id='word_1_31' title='bbox 397 787 433 838; x_wconf 88' lang='lat' dir='ltr'>est</span> <span class='ocrx_word' id='word_1_32' title='bbox 441 786 543 838; x_wconf 86' lang='lat' dir='ltr'>animus</span> <span class='ocrx_word' id='word_1_33' title='bbox 554 784 612 838; x_wconf 89' lang='lat' dir='ltr'>sine</span> <span class='ocrx_word' id='word_1_34' title='bbox 621 801 732 854; x_wconf 83' lang='lat' dir='ltr'>corpore</span> <span class='ocrx_word' id='word_1_35' title='bbox 740 785 836 842; x_wconf 65' lang='lat' dir='ltr'>veloxe</span> 
     </span>
     <span class='ocr_line' id='line_1_7' title="bbox 58 871 786 942; baseline -0.003 -18"><span class='ocrx_word' id='word_1_36' title='bbox 58 875 160 940; x_wconf 83' lang='lat' dir='ltr'>Quum</span> <span class='ocrx_word' id='word_1_37' title='bbox 172 886 201 924; x_wconf 91' lang='lat' dir='ltr'>tu</span> <span class='ocrx_word' id='word_1_38' title='bbox 213 872 282 926; x_wconf 86' lang='lat' dir='ltr'>inter</span> <span class='ocrx_word' id='word_1_39' title='bbox 293 871 406 924; x_wconf 79' lang='lat' dir='ltr'>scabiem</span> <span class='ocrx_word' id='word_1_40' title='bbox 415 885 529 935; x_wconf 85' lang='lat' dir='ltr'>tantam,</span> <span class='ocrx_word' id='word_1_41' title='bbox 538 872 563 923; x_wconf 83' lang='grc' dir='ltr'>δι</span> <span class='ocrx_word' id='word_1_42' title='bbox 574 871 694 942; x_wconf 82' lang='lat' dir='ltr'>contagia</span> <span class='ocrx_word' id='word_1_43' title='bbox 704 871 786 933; x_wconf 87' lang='lat' dir='ltr'>lucri,</span> 
     </span>
     <span class='ocr_line' id='line_1_8' title="bbox 56 955 830 1026; baseline -0.005 -15"><span class='ocrx_word' id='word_1_44' title='bbox 56 958 114 1011; x_wconf 85' lang='lat' dir='ltr'>Nil</span> <span class='ocrx_word' id='word_1_45' title='bbox 133 973 247 1026; x_wconf 88' lang='lat' dir='ltr'>parvum</span> <span class='ocrx_word' id='word_1_46' title='bbox 266 957 371 1024; x_wconf 87' lang='lat' dir='ltr'>sapias,</span> <span class='ocrx_word' id='word_1_47' title='bbox 387 957 413 1008; x_wconf 74' lang='grc' dir='ltr'><strong>ἃ</strong></span> <span class='ocrx_word' id='word_1_48' title='bbox 429 957 511 1009; x_wconf 87' lang='lat' dir='ltr'>adhuc</span> <span class='ocrx_word' id='word_1_49' title='bbox 530 955 650 1008; x_wconf 85' lang='lat' dir='ltr'>sublimia</span> <span class='ocrx_word' id='word_1_50' title='bbox 669 973 767 1016; x_wconf 79' lang='lat' dir='ltr'>cures3</span> <span class='ocrx_word' id='word_1_51' title='bbox 801 970 830 1023; x_wconf 78' lang='grc' dir='ltr'>ις</span> 
     </span>
     <span class='ocr_line' id='line_1_9' title="bbox 58 1041 834 1112; baseline -0.003 -18"><span class='ocrx_word' id='word_1_52' title='bbox 58 1045 135 1108; x_wconf 77' lang='lat' dir='ltr'>Quae</span> <span class='ocrx_word' id='word_1_53' title='bbox 148 1057 220 1096; x_wconf 86' lang='lat' dir='ltr'>mare</span> <span class='ocrx_word' id='word_1_54' title='bbox 230 1041 397 1109; x_wconf 77' lang='lat' dir='ltr'>compescant</span> <span class='ocrx_word' id='word_1_55' title='bbox 406 1041 568 1112; x_wconf 83' lang='lat' dir='ltr'>causae,quid</span> <span class='ocrx_word' id='word_1_56' title='bbox 577 1057 706 1112; x_wconf 84' lang='lat' dir='ltr'>temperet</span> <span class='ocrx_word' id='word_1_57' title='bbox 715 1059 834 1100; x_wconf 64' lang='lat' dir='ltr'>annume</span> 
     </span>
     <span class='ocr_line' id='line_1_10' title="bbox 57 1121 766 1198; baseline 0 -19"><span class='ocrx_word' id='word_1_58' title='bbox 57 1128 156 1180; x_wconf 83' lang='lat' dir='ltr'>Stellae</span> <span class='ocrx_word' id='word_1_59' title='bbox 172 1126 267 1194; x_wconf 88' lang='lat' dir='ltr'>sponte</span> <span class='ocrx_word' id='word_1_60' title='bbox 283 1123 344 1188; x_wconf 75' lang='lat' dir='ltr'>sud,</span> <span class='ocrx_word' id='word_1_61' title='bbox 356 1121 462 1192; x_wconf 79' lang='lat' dir='ltr'>juffaene</span> <span class='ocrx_word' id='word_1_62' title='bbox 478 1144 608 1198; x_wconf 74' lang='lat' dir='ltr'>vagentur</span> <span class='ocrx_word' id='word_1_63' title='bbox 622 1130 649 1182; x_wconf 74' lang='grc' dir='ltr'>δι</span> <span class='ocrx_word' id='word_1_64' title='bbox 660 1144 748 1181; x_wconf 85' lang='lat' dir='ltr'>errent</span> <span class='ocrx_word' id='word_1_65' title='bbox 756 1145 766 1187; x_wconf 78' lang='lat'>3</span> 
     </span>
     <span class='ocr_line' id='line_1_11' title="bbox 59 1210 833 1283; baseline 0.009 -21"><span class='ocrx_word' id='word_1_66' title='bbox 59 1210 141 1277; x_wconf 85' lang='lat' dir='ltr'>Quid</span> <span class='ocrx_word' id='word_1_67' title='bbox 154 1223 256 1278; x_wconf 87' lang='lat' dir='ltr'>premat</span> <span class='ocrx_word' id='word_1_68' title='bbox 268 1210 404 1264; x_wconf 88' lang='lat' dir='ltr'>obscurum</span> <span class='ocrx_word' id='word_1_69' title='bbox 415 1213 510 1278; x_wconf 75' lang='lat' dir='ltr'>Luna,</span> <span class='ocrx_word' id='word_1_70' title='bbox 519 1213 582 1283; x_wconf 90' lang='lat' dir='ltr'>quid</span> <span class='ocrx_word' id='word_1_71' title='bbox 593 1215 710 1282; x_wconf 86' lang='lat' dir='ltr'>proferat</span> <span class='ocrx_word' id='word_1_72' title='bbox 720 1215 813 1269; x_wconf 88' lang='lat' dir='ltr'>orbem</span> <span class='ocrx_word' id='word_1_73' title='bbox 823 1236 833 1280; x_wconf 74' lang='lat'>3</span> 
     </span>
     <span class='ocr_line' id='line_1_12' title="bbox 58 1294 774 1364; baseline 0.006 -15"><span class='ocrx_word' id='word_1_74' title='bbox 58 1296 142 1364; x_wconf 85' lang='lat' dir='ltr'>Quid</span> <span class='ocrx_word' id='word_1_75' title='bbox 156 1294 239 1360; x_wconf 81' lang='lat' dir='ltr'>velit,</span> <span class='ocrx_word' id='word_1_76' title='bbox 250 1295 277 1348; x_wconf 79' lang='grc' dir='ltr'>δι</span> <span class='ocrx_word' id='word_1_77' title='bbox 288 1297 375 1363; x_wconf 84' lang='lat' dir='ltr'>possit</span> <span class='ocrx_word' id='word_1_78' title='bbox 388 1315 474 1350; x_wconf 90' lang='lat' dir='ltr'>rerum</span> <span class='ocrx_word' id='word_1_79' title='bbox 490 1300 634 1352; x_wconf 87' lang='lat' dir='ltr'>concordia</span> <span class='ocrx_word' id='word_1_80' title='bbox 647 1301 747 1353; x_wconf 84' lang='lat' dir='ltr'>discors</span> <span class='ocrx_word' id='word_1_81' title='bbox 756 1319 774 1360; x_wconf 77' lang='lat'>3.</span> 
     </span>
     <span class='ocr_line' id='line_1_13' title="bbox 58 1381 882 1450; baseline 0.01 -14"><span class='ocrx_word' id='word_1_82' title='bbox 58 1381 261 1450; x_wconf 84' lang='lat' dir='ltr'>Empedocles,</span> <span class='ocrx_word' id='word_1_83' title='bbox 275 1397 309 1433; x_wconf 90' lang='lat' dir='ltr'>an</span> <span class='ocrx_word' id='word_1_84' title='bbox 327 1382 482 1436; x_wconf 84' lang='lat' dir='ltr'>Stertinium</span> <span class='ocrx_word' id='word_1_85' title='bbox 501 1384 595 1438; x_wconf 85' lang='lat' dir='ltr'>deliret</span> <span class='ocrx_word' id='word_1_86' title='bbox 613 1387 747 1439; x_wconf 72' lang='lat' dir='ltr'>acumen?</span> <span class='ocrx_word' id='word_1_87' title='bbox 797 1403 833 1444; x_wconf 68' lang='grc' dir='ltr'>ιο</span> <span class='ocrx_word' id='word_1_88' title='bbox 879 1415 882 1422; x_wconf 91' lang='grc'><strong><em>·</em></strong></span> 
     </span>
     <span class='ocr_line' id='line_1_14' title="bbox 58 1465 783 1539; baseline 0.01 -21"><span class='ocrx_word' id='word_1_89' title='bbox 58 1465 172 1518; x_wconf 79' lang='lat' dir='ltr'>Verdm</span> <span class='ocrx_word' id='word_1_90' title='bbox 185 1465 230 1518; x_wconf 85' lang='lat' dir='ltr'>seu</span> <span class='ocrx_word' id='word_1_91' title='bbox 244 1465 346 1534; x_wconf 87' lang='lat' dir='ltr'>pisces,</span> <span class='ocrx_word' id='word_1_92' title='bbox 356 1467 401 1519; x_wconf 87' lang='lat' dir='ltr'>seu</span> <span class='ocrx_word' id='word_1_93' title='bbox 413 1485 523 1536; x_wconf 86' lang='lat' dir='ltr'>porrum</span> <span class='ocrx_word' id='word_1_94' title='bbox 535 1470 561 1522; x_wconf 78' lang='grc' dir='ltr'>δι</span> <span class='ocrx_word' id='word_1_95' title='bbox 572 1487 643 1539; x_wconf 69' lang='lat' dir='ltr'>cape</span> <span class='ocrx_word' id='word_1_96' title='bbox 655 1471 783 1538; x_wconf 81' lang='lat' dir='ltr'>trucidas,</span> 
     </span>
     <span class='ocr_line' id='line_1_15' title="bbox 58 1551 783 1624; baseline 0.01 -18"><span class='ocrx_word' id='word_1_97' title='bbox 58 1555 152 1606; x_wconf 88' lang='lat' dir='ltr'>Utere</span> <span class='ocrx_word' id='word_1_98' title='bbox 161 1551 292 1620; x_wconf 86' lang='lat' dir='ltr'>Pompeio</span> <span class='ocrx_word' id='word_1_99' title='bbox 306 1552 450 1622; x_wconf 84' lang='lat' dir='ltr'>Grospho;</span> <span class='ocrx_word' id='word_1_100' title='bbox 461 1553 531 1619; x_wconf 85' lang='lat' dir='ltr'>&amp;,si</span> <span class='ocrx_word' id='word_1_101' title='bbox 543 1555 607 1624; x_wconf 91' lang='lat' dir='ltr'>quid</span> <span class='ocrx_word' id='word_1_102' title='bbox 617 1569 703 1624; x_wconf 87' lang='lat' dir='ltr'>petet,</span> <span class='ocrx_word' id='word_1_103' title='bbox 711 1561 783 1614; x_wconf 85' lang='lat' dir='ltr'>ultro</span> 
     </span>
     <span class='ocr_line' id='line_1_16' title="bbox 57 1633 783 1713; baseline 0.017 -24"><span class='ocrx_word' id='word_1_104' title='bbox 57 1633 210 1691; x_wconf 87' lang='lat' dir='ltr'>Deser.Nil</span> <span class='ocrx_word' id='word_1_105' title='bbox 222 1634 360 1705; x_wconf 84' lang='lat' dir='ltr'>Grosphus</span> <span class='ocrx_word' id='word_1_106' title='bbox 371 1637 424 1691; x_wconf 84' lang='lat' dir='ltr'>nisi</span> <span class='ocrx_word' id='word_1_107' title='bbox 432 1635 527 1694; x_wconf 78' lang='lat' dir='ltr'>verum</span> <span class='ocrx_word' id='word_1_108' title='bbox 539 1640 625 1694; x_wconf 84' lang='lat' dir='ltr'>orabit</span> <span class='ocrx_word' id='word_1_109' title='bbox 634 1643 783 1713; x_wconf 70' lang='lat' dir='ltr'>&amp;aequum</span> 
     </span>
     <span class='ocr_line' id='line_1_17' title="bbox 58 1719 783 1799; baseline 0.018 -25"><span class='ocrx_word' id='word_1_110' title='bbox 58 1720 138 1783; x_wconf 81' lang='lat' dir='ltr'>Vilis</span> <span class='ocrx_word' id='word_1_111' title='bbox 152 1719 298 1776; x_wconf 88' lang='lat' dir='ltr'>amicorum</span> <span class='ocrx_word' id='word_1_112' title='bbox 309 1721 345 1774; x_wconf 86' lang='lat' dir='ltr'>est</span> <span class='ocrx_word' id='word_1_113' title='bbox 355 1740 475 1790; x_wconf 85' lang='lat' dir='ltr'>annona,</span> <span class='ocrx_word' id='word_1_114' title='bbox 483 1727 562 1780; x_wconf 86' lang='lat' dir='ltr'>bonis</span> <span class='ocrx_word' id='word_1_115' title='bbox 573 1727 617 1782; x_wconf 88' lang='lat' dir='ltr'>ubi</span> <span class='ocrx_word' id='word_1_116' title='bbox 629 1729 693 1799; x_wconf 83' lang='lat' dir='ltr'>quid</span> <span class='ocrx_word' id='word_1_117' title='bbox 704 1731 783 1787; x_wconf 81' lang='lat' dir='ltr'>deest.</span> 
     </span>
     <span class='ocr_line' id='line_1_18' title="bbox 57 1806 829 1889; baseline 0.014 -29"><span class='ocrx_word' id='word_1_118' title='bbox 57 1810 107 1862; x_wconf 84' lang='lat' dir='ltr'>Ne</span> <span class='ocrx_word' id='word_1_119' title='bbox 128 1819 220 1858; x_wconf 82' lang='lat' dir='ltr'>tamen</span> <span class='ocrx_word' id='word_1_120' title='bbox 237 1806 342 1878; x_wconf 82' lang='lat' dir='ltr'>ignores</span> <span class='ocrx_word' id='word_1_121' title='bbox 361 1826 416 1879; x_wconf 90' lang='lat' dir='ltr'>quo</span> <span class='ocrx_word' id='word_1_122' title='bbox 435 1809 471 1862; x_wconf 88' lang='lat' dir='ltr'>sit</span> <span class='ocrx_word' id='word_1_123' title='bbox 488 1809 608 1866; x_wconf 87' lang='lat' dir='ltr'>Romana</span> <span class='ocrx_word' id='word_1_124' title='bbox 625 1816 689 1867; x_wconf 89' lang='lat' dir='ltr'>loco</span> <span class='ocrx_word' id='word_1_125' title='bbox 707 1833 764 1880; x_wconf 85' lang='lat' dir='ltr'>res,</span> <span class='ocrx_word' id='word_1_126' title='bbox 796 1831 829 1889; x_wconf 70' lang='grc' dir='ltr'>ις</span> 
     </span>
     <span class='ocr_line' id='line_1_19' title="bbox 62 1892 721 1964; baseline 0.008 -16"><span class='ocrx_word' id='word_1_127' title='bbox 62 1893 202 1964; x_wconf 78' lang='lat' dir='ltr'>Cantaber</span> <span class='ocrx_word' id='word_1_128' title='bbox 218 1892 341 1963; x_wconf 71' lang='lat' dir='ltr'>Agrippa·</span> <span class='ocrx_word' id='word_1_129' title='bbox 352 1895 469 1960; x_wconf 64' lang='lat' dir='ltr'>„Claudi</span> <span class='ocrx_word' id='word_1_130' title='bbox 487 1894 587 1951; x_wconf 77' lang='lat' dir='ltr'>virtute</span> <span class='ocrx_word' id='word_1_131' title='bbox 604 1898 721 1953; x_wconf 85' lang='lat' dir='ltr'>Neronis</span> 
     </span>
     <span class='ocr_line' id='line_1_20' title="bbox 60 1977 751 2053; baseline 0.007 -20"><span class='ocrx_word' id='word_1_132' title='bbox 60 1977 209 2034; x_wconf 80' lang='lat' dir='ltr'>Armenius</span> <span class='ocrx_word' id='word_1_133' title='bbox 228 1979 331 2032; x_wconf 88' lang='lat' dir='ltr'>cecidit.</span> <span class='ocrx_word' id='word_1_134' title='bbox 350 1980 397 2034; x_wconf 91' lang='lat' dir='ltr'>Jus</span> <span class='ocrx_word' id='word_1_135' title='bbox 416 1979 610 2053; x_wconf 84' lang='lat' dir='ltr'>imperiumque</span> <span class='ocrx_word' id='word_1_136' title='bbox 629 1984 751 2038; x_wconf 77' lang='lat' dir='ltr'>Phraates</span> 
     </span>
    </p>
   </div>
   <div class='ocr_carea' id='block_1_3' title="bbox 60 2062 745 2220">
    <p class='ocr_par' dir='ltr' id='par_1_4' title="bbox 60 2062 745 2220">
     <span class='ocr_line' id='line_1_21' title="bbox 62 2062 745 2138; baseline 0.003 -20"><span class='ocrx_word' id='word_1_137' title='bbox 62 2063 180 2118; x_wconf 70' lang='lat' dir='ltr'>Cesaris</span> <span class='ocrx_word' id='word_1_138' title='bbox 196 2062 298 2131; x_wconf 87' lang='lat' dir='ltr'>accepit</span> <span class='ocrx_word' id='word_1_139' title='bbox 316 2063 424 2133; x_wconf 83' lang='lat' dir='ltr'>genibus</span> <span class='ocrx_word' id='word_1_140' title='bbox 441 2065 541 2120; x_wconf 87' lang='lat' dir='ltr'>minor.</span> <span class='ocrx_word' id='word_1_141' title='bbox 556 2068 642 2120; x_wconf 82' lang='lat' dir='ltr'>Aurea</span> <span class='ocrx_word' id='word_1_142' title='bbox 657 2067 745 2138; x_wconf 72' lang='lat' dir='ltr'>fruges</span> 
     </span>
     <span class='ocr_line' id='line_1_22' title="bbox 60 2145 588 2220; baseline 0.004 -17"><span class='ocrx_word' id='word_1_143' title='bbox 60 2146 151 2203; x_wconf 76' lang='lat' dir='ltr'>ltalia</span> <span class='ocrx_word' id='word_1_144' title='bbox 168 2149 248 2220; x_wconf 83' lang='lat' dir='ltr'>pleno</span> <span class='ocrx_word' id='word_1_145' title='bbox 267 2145 372 2202; x_wconf 78' lang='lat' dir='ltr'>dffudit</span> <span class='ocrx_word' id='word_1_146' title='bbox 391 2148 477 2218; x_wconf 83' lang='lat' dir='ltr'>Copia</span> <span class='ocrx_word' id='word_1_147' title='bbox 494 2165 588 2206; x_wconf 85' lang='lat' dir='ltr'>cornu.</span> 
     </span>
    </p>
   </div>
   <div class='ocr_carea' id='block_1_4' title="bbox 306 2428 548 2544">
    <p class='ocr_par' dir='ltr' id='par_1_5' title="bbox 306 2428 548 2544">
     <span class='ocr_line' id='line_1_23' title="bbox 306 2428 548 2544; baseline 0.004 -2"><span class='ocrx_word' id='word_1_148' title='bbox 306 2428 548 2544; x_wconf 47' lang='lat' dir='ltr'>‘issbcsstb</span> 
     </span>
    </p>
   </div>
   <div class='ocr_carea' id='block_1_5' title="bbox 0 0 1012 3608">
    <p class='ocr_par' dir='ltr' id='par_1_6' title="bbox 0 0 1012 3608">
     <span class='ocr_line' id='line_1_24' title="bbox 0 0 1012 3608; baseline 0 0"><span class='ocrx_word' id='word_1_149' title='bbox 0 0 1012 3608; x_wconf 95' lang='lat' dir='ltr'> </span> 
     </span>
    </p>
   </div>
  </div>
 </body>
</html>
